=LDR  00757cam a22001931  4500
=001  20031
=005  20250109133420.0
=008  840911r19901745gw\\\\\\\\\\\\000\0\ger\\
=020  \\$a3746301963
=041  \\$ager
=100  \\$aNicolai, Ernst Anton$d1722-1802$4aut$1http://www.wikidata.org/entity/Q15298648$921438
=245  14$aDie Verbindung der Musik mit der Artzneygelahrheit 1745
=260  \\$aKassel$bBärenreiter$c1990
=300  \\$a12-70-23 pages
=650  \0$aMusic therapy$1http://www.wikidata.org/entity/Q209642$921440
=700  \\$4aft$aSchwabe, Christoph$921439
=942  \\$cBOO
=952  \\$00$10$2ddc$40$6TRE_NICO$70$8TRE$920133$aORPH$bORPH$cKTS1_H$d2020-07-08$eKoopman$i14C07$l0$oTRE NICO$p20126216$r2021-05-05 00:00:00$w2021-05-05$yBOO
=999  \\$c20031$d20031

