=LDR  05127cam a2200637u  4500
=001  20033
=005  20250926134858.0
=008  840302s19661736xx\ac\\\\\\\\\000\0\ger\\
=041  \\$ager
=100  \\$aMizler, Lorenz Christoph$d1711-1778$4aut$921447
=245  10$aNeu eröffnete musikalische Bibliothek
=246  \1$aMusikalische Bibliothek$boder Gründliche Nachricht, nebst unpartheyischem Urtheil von Musikalischen Schrifften und Büchern
=260  \\$aHilversum$bKnuf$c1966
=300  \\$a3 vols. (485+596+960 pages)
=500  \\$aThe 'Vorrede' to part one is dated 20 October 1736. Vol. II contains elements from Uffenbach's 'Gesammelte Neben-Arbeit' (see 10J16)
=520  \\$aLorenz Mizler took his degree in music in 1736 at the University of Leipzig, where he lectured on music history ('Die gelehrte Historie der Musik'), mathematics, and philosophy. Aiming to “confer on music the shape of a science," Mizler lay at the basis of the development of 'Musikwissenschaft'. He was closely connected to Christian Wolff and Johann Mattheson.
=534  \\$aVol. 1 was originally published in 1736-39, vol. 2 in 1740-43, vol. 3 in 1746-52, and vol. 4 in 1754.
=590  \\$aLorenz Mizlers Der Weltweisheit und der freyen Künste Lehrers auf der Academie zu Leipzig / und der Societet der musikalischen Wissenschafften Miglieds und Secretarius Neu eröffnete Musikalische Bibliothek Oder Gründliche Nachricht nebst unpartheyischem Urtheil von musikalischen Schriften und Büchern. Erster Band Welcher bestehet aus sechs Theilen, nebst den darzu gehörigen Kupfern und Registern / Zweyter Band, Welcher bestehet aus vier Theilen, nebst den darzu gehörigen XXXVI. Kupfertafeln und Registern
=600  00$aAristoxenos$d360/354 BC-c. 300 BC$1http://www.wikidata.org/entity/Q335156$922541
=600  \0$aMeibom, Johann Heinrich$d1590-1655$1http://www.wikidata.org/entity/Q110908$98226
=600  \0$aGibelius, Otto$d1612-1682$1http://www.wikidata.org/entity/Q17493597$922543
=600  \0$aWallis, John$d1616-1703$1http://www.wikidata.org/entity/Q208359$922540
=600  \0$aPrintz, Wolfgang Caspar$d1641-1717$1http://www.wikidata.org/entity/Q104997$97272
=600  \0$aQuirsfeld, Johann$d1642-1686$1http://www.wikidata.org/entity/Q6060007$96374
=600  \0$aWerckmeister, Andreas$d1645-1706$1http://www.wikidata.org/entity/Q61162$94936
=600  \0$aBeer, Johann$d1655-1700$1http://www.wikidata.org/entity/Q76444$99471
=600  \0$aFux, Johann Joseph$d1660-1741$1http://www.wikidata.org/entity/Q311378$910900
=600  \0$aKellner, David$d1670-1748$1http://www.wikidata.org/entity/Q1174956$95816
=600  \0$aMuratori, Ludovico Antonio$d1672-1750$1http://www.wikidata.org/entity/Q471529$98030
=600  \0$aMattheson, Johann$d1681-1764$1http://www.wikidata.org/entity/Q170333$95222
=600  \0$aTelemann, Georg Philipp$d1681-1767$1http://www.wikidata.org/entity/Q75854$99287
=600  \0$aBach, Johann Sebastian$d1685-1750$1http://www.wikidata.org/entity/Q1339$94766
=600  \0$aGottsched, Johann Christoph$d1700-1766$1http://www.wikidata.org/entity/Q76442$910582
=610  \0$aKarl-Marx-Universität (Leipzig, Germany)$1http://www.wikidata.org/entity/Q154804$921107
=648  \0$a18th Century (1701-1800)$1http://www.wikidata.org/entity/Q7015$920899
=650  \0$aPeriodical$1http://www.wikidata.org/entity/Q1002697$921106
=650  \0$aMusic criticism$1http://www.wikidata.org/entity/Q11748889$921598
=650  \0$aPoetry$1http://www.wikidata.org/entity/Q482$93026
=650  \0$aComposing$1http://www.wikidata.org/entity/Q92186587$93076
=650  \0$aBasso continuo$1http://www.wikidata.org/entity/Q724321$921065
=650  \0$aMethod$1http://www.wikidata.org/entity/Q2250960$921402
=650  \0$aKeyboard instrument$1http://www.wikidata.org/entity/Q52954$92849
=650  \0$aTemperament$1http://www.wikidata.org/entity/Q55073971$921656
=650  \0$aSolmization$1http://www.wikidata.org/entity/Q223064$921562
=650  \0$aOpera$1http://www.wikidata.org/entity/Q1344$92468
=651  \0$aLeipzig (Germany)$1http://www.wikidata.org/entity/Q2079$945
=700  \\$4dte$aFriederike Luise von Preußen$d1714-1784$1http://www.wikidata.org/entity/Q288925$922536
=856  \\$uhttps://www.digitale-sammlungen.de/en/view/bsb10599086?page=,1$31. Band
=856  \\$uhttps://www.digitale-sammlungen.de/en/view/bsb10599087?page=,1$32. Band
=856  \\$uhttps://www.digitale-sammlungen.de/en/view/bsb10599091?page=,1$33. Band
=856  \\$uhttps://books.google.be/books?id=lfQ4AAAAIAAJ&redir_esc=y$34. Band
=942  \\$cBOO
=952  \\$00$10$2ddc$3vol. I$40$6TRE_MIZL$70$8TRE$920135$aORPH$bORPH$cKTS1_H$d2020-07-08$eKoopman$i13H23$l1$m1$oTRE MIZL$p20124966$r2021-11-29 00:00:00$s2021-09-30$w2021-05-05$yBOO
=952  \\$00$10$2ddc$3vol. II$40$6TRE_MIZL$70$8TRE$920136$aORPH$bORPH$cKTS1_H$d2020-07-08$eKoopman$i13H24$l1$m1$oTRE MIZL$p20124965$r2021-12-02 00:00:00$s2021-10-18$w2021-05-05$yBOO
=952  \\$00$10$2ddc$3vol. III-IV$40$6TRE_MIZL$70$8TRE$920137$aORPH$bORPH$cKTS1_H$d2020-07-08$eKoopman$i13H25$oTRE MIZL$p20124964$r2021-05-05 00:00:00$w2021-05-05$yBOO
=999  \\$d20033

