=LDR  01011cam a22001811  4500
=001  20036
=005  20250820153550.0
=008  780509r19721739gw\\\\\\\\\\\\000\0\ger\\
=020  \\$a3487042290
=100  \\$aMizler, Lorenz Christoph$d1711-1778$4aut$921447
=245  10$aAnfangs-Gründe des General Basses
=260  \\$aHildesheim$bG. Olms$c1972
=300  \\$a137 pages$bfacsimile
=520  \\$aLorenz Mizler took his degree in music in 1736 at the University of Leipzig, where he lectured on music history ('Die gelehrte Historie der Musik'), mathematics, and philosophy. Aiming to “confer on music the shape of a science," Mizler lay at the basis of the development of 'Musikwissenschaft'. He was closely connected to Christian Wolff and Johann Mattheson.
=650  \0$aBasso continuo$1http://www.wikidata.org/entity/Q724321$921065
=942  \\$cBOO
=952  \\$00$10$2ddc$40$6TRE_MIZL$70$8TRE$920138$aORPH$bORPH$cKTS1_H$d2020-07-08$eKoopman$i13H26$l0$oTRE MIZL$p20124963$r2021-05-05 00:00:00$w2021-05-05$yBOO
=999  \\$d20036

