=LDR  00828cam a2200193 p 4500
=001  20037
=005  20230123111934.0
=008  750505r19721582sz\g\\\\\\\\\\000\0\fre\\
=041  \\$afre
=245  10$aInstruction méthodique et fort facile pour apprendre la musique pratique / Traité de la musique pratique divisé en deux parties
=260  \\$aGenève$bMinkoff Reprint$c1972
=300  \\$a81 pages
=500  \\$aReprint of the editions published in 1587 by J. de Tournes, Lyons and in 1582 by A. Le Roy, Paris.
=650  \0$aMusic theory
=700  \\$aBlockland de Montfort, Corneille de$4aut$921448
=700  \\$aYssandon, Jean$4aut$921449
=942  \\$cBOO
=952  \\$00$10$2ddc$40$6TRE_BLOC$70$8TRE$920139$aORPH$bORPH$cKTS1_H$d2020-07-08$eKoopman$i14G23$l0$oTRE BLOC$p20126232$r2021-05-05 00:00:00$w2021-05-05$yBOO
=999  \\$c20037$d20037

