=LDR  01320nam a22002417a 4500
=001  20039
=008  210505s1783\\\\\\\|||||\||||\00|\0\fre\d
=041  \\$afre$hger
=100  \\$4aut$aMozart, Leopold$d1719-1787$1http://www.wikidata.org/entity/Q156280$912887
=245  \\$aMéthode raisonnée pour apprendre à jouer du violon
=260  \\$aParis$bBoyer$c1783
=300  \\$a71 pages
=500  \\$aPhotocopy by the Orchestre universitaire de Bordeaux
=590  \\$aComposée Par Léopold Mozart Compositeur et Directeur de la Musique de Monseigneur l'Archevêque de Saltzbourg. Traduite de l'Allemand en Français par Valentin Rœser Musicien de S. A. S. Monseigneur le Duc d'Orléans
=648  \0$a18th Century (1701-1800)$1http://www.wikidata.org/entity/Q7015$920899
=650  \0$aMethod$1http://www.wikidata.org/entity/Q2250960$921402
=650  \0$aViolin$1http://www.wikidata.org/entity/Q8355$92783
=651  \0$aAustria$1http://www.wikidata.org/entity/Q40$9202
=700  \\$4trl$aRoeser, Valentin$d1735-1782$1http://www.wikidata.org/entity/Q76446384$96955
=765  \\$aVersuch einer gründlichen Violinschule
=942  \\$cBOO
=952  \\$00$10$2ddc$40$6INS_4_000000000000000_1C_MOZA$70$8INS$920141$aORPH$bORPH$cKTS0$d2020-07-08$eKoopman$i13E112$oINS4.1c MOZA$p20121921$r2021-05-05 00:00:00$w2021-05-05$yBOO
=999  \\$d20039

