=LDR  00761nam a2200181 a 4500
=001  20050
=005  20250120120318.0
=008  020812r19811717xx\\\\\\r\\\\\000\0\ger\d
=041  \\$ager
=100  \\$aMattheson, Johann$d1681-1764$4aut$1http://www.wikidata.org/entity/Q170333$95222
=245  \\$aDas beschützte Orchestre, oder desselben Zweyte Eröffnung
=260  \\$aKassel$bBärenreiter$c1981
=300  \\$a561-167 pages
=500  \\$aReprint: Hamburg: Im Schillerischen Buchladen, 1717 und 1748
=942  \\$cBOO
=952  \\$00$10$2ddc$40$6TRE_MATT$70$8TRE$920153$aORPH$bORPH$cKTS1_H$d2020-07-08$eKoopman$i13B02$l0$oTRE MATT$p20124510$r2021-05-07 00:00:00$w2021-05-07$yBOO
=999  \\$c20050$d20050
=650  \0$aMusic criticism$1http://www.wikidata.org/entity/Q11748889$921598

