=LDR  01280nam a2200253 i 4500
=001  20053
=005  20250121142133.0
=008  790723r19751752ge\\\\\\\b\\\\001\0\ger\\
=041  \\$ager
=100  \\$aMattheson, Johann$d1681-1764$4aut$1http://www.wikidata.org/entity/Q170333$95222
=245  10$aPhilologisches Tresespiel
=260  \\$aLeipzig$bZentralantiquariat der DDR$c1975
=300  \\$a[xxx]-133-[10] pages
=500  \\$aReprint of the ed. published in Hamburg 1752 by J. A. Martini, see 10D07
=648  \0$a18th Century (1701-1800)$1http://www.wikidata.org/entity/Q7015$920899
=650  \0$aMusic theory$1http://www.wikidata.org/entity/Q193544$92662
=650  \0$aLinguistics$1http://www.wikidata.org/entity/Q8162$93902
=650  \0$aGerman$1http://www.wikidata.org/entity/Q188$923675
=651  \0$aHamburg (Germany)$1http://www.wikidata.org/entity/Q1055$921940
=856  \\$uhttps://reader.digitale-sammlungen.de/de/fs1/object/display/bsb10599051_00001.html$3Bavarian State Library
=856  \\$uhttps://api.digitale-sammlungen.de/iiif/presentation/v2/bsb10599051/manifest$3IIIF manifest
=942  \\$cBOO
=952  \\$00$10$2ddc$40$6TRE_MATT$70$8TRE$920156$aORPH$bORPH$cKTS1_H$d2020-07-08$eKoopman$i13I03$oTRE MATT$p20126409$r2021-05-07 00:00:00$w2021-05-07$yBOO
=999  \\$d20053

