=LDR  01004cam a22002291  4500
=001  20054
=005  20250120120039.0
=008  740813r19591588gw\\\\\\\\\\\\000\0\ita\\
=041  \\$aita$afre
=100  \\$aPontio, Pietro$d1532-1596$4aut$921462
=245  10$aRagionamento di musica
=260  \\$aKassel$bBärenreiter$c1959
=300  \\$a161 pages
=490  \\$aDocumenta musicologica erste Reihe: Druckschriften-Faksimiles$v16
=500  \\$aImprint of original t. p.: Parma, Apresso E. Viotto, 1588.
=648  \0$a16th Century (1501-1600)$1http://www.wikidata.org/entity/Q7017$920944
=650  \0$aMusic theory$1http://www.wikidata.org/entity/Q193544$92662
=651  \0$aItaly$1http://www.wikidata.org/entity/Q38$922
=700  \\$aClercx-Lejeune, Suzanne$d1910-1985$4edt$4aft$1http://www.wikidata.org/entity/Q3505928$916176
=942  \\$cBOO
=952  \\$00$10$2ddc$40$6TRE_PONT$70$8TRE$920157$aORPH$bORPH$cKTS1_H$d2020-07-08$eKoopman$i13A01$oTRE PONT$p20126066$r2021-05-07 00:00:00$w2021-05-07$yBOO
=999  \\$d20054

