=LDR  01003cam a2200229u  4500
=001  20055
=005  20250120120512.0
=008  840917r19761584\\\\\\\\\\\\\\000\0\fre\\
=041  \\$afre$hita
=100  \\$aDella Casa, Giovanni$d1503-1556$4aut$1http://www.wikidata.org/entity/Q650906$96811
=245  13$aLa vraie manière de diminuer
=260  \\$aParis$bLe Droict Chemin de Musique$c1976
=300  \\$a69 pages
=590  \\$aLa vraie manière de diminuer avec toutes les sortes d'instruments, à vent, à cordes et à la voix humaine
=648  \0$a16th Century (1501-1600)$1http://www.wikidata.org/entity/Q7017$920944
=650  \0$aOrnamentation$1http://www.wikidata.org/entity/Q739589$922524
=700  \\$4cmm$aLeguy, Jacques$921464
=700  \\$4trl$aLeguy, Sylvette$917663
=765  \\$aVero modo di diminuir
=942  \\$cBOO
=952  \\$00$10$2ddc$40$6TRE_CASA$70$8TRE$920158$aORPH$bORPH$cKTS1_H$d2020-07-08$eKoopman$i13A42$l0$oTRE CASA$p20126073$r2021-05-07 00:00:00$w2021-05-07$yBOO
=999  \\$c20055$d20055

