=LDR  01402cam a2200265 a 4500
=001  20057
=005  20250820130241.0
=008  930217r19801724sp\\\\\\\\\\\\000\0\spa\\
=020  \\$a8400046811
=041  \\$aspa
=100  \\$aNassarre, Pablo$dc. 1655-c. 1730$4aut$1http://www.wikidata.org/entity/Q3816559$96396
=245  10$aEscuela música según la práctica moderna
=260  \\$aZaragoza$bInstitución Fernando el Católico$c1980
=300  \\$a2 vols. (501+506) pages
=500  \\$aOriginally published: Zaragoza : Herederos de Diego de Larume, 1724 (1. parte) : Herederos de Manuel Román, 1723 (2. parte).
=648  \0$a18th Century (1701-1800)$1http://www.wikidata.org/entity/Q7015$920899
=650  \0$aMethod$1http://www.wikidata.org/entity/Q2250960$921402
=650  \0$aComposing$1http://www.wikidata.org/entity/Q92186587$93076
=650  \0$aMusic theory$1http://www.wikidata.org/entity/Q193544$92662
=651  \0$1http://www.wikidata.org/entity/Q29$aSpain$920983
=700  \\$aSiemens Hernández, Lothar$d1941-2017$4edt$921470
=942  \\$cBOO
=952  \\$00$10$2ddc$3vol. I$40$6TRE_NASS$70$8TRE$920161$aORPH$bORPH$cKTS1_H$d2020-07-08$eKoopman$i14I37$oTRE NASS$p20126259$r2021-05-07 00:00:00$w2021-05-07$yBOO
=952  \\$00$10$2ddc$3vol. II$40$6TRE_NASS$70$8TRE$920162$aORPH$bORPH$cKTS1_H$d2020-07-08$eKoopman$i14I38$l0$oTRE NASS$p20126258$r2021-05-07 00:00:00$w2021-05-07$yBOO
=999  \\$d20057

