=LDR  00805cam a22001931  4500
=001  20060
=005  20250820153550.0
=008  740919r19791607it\\\\\\\\\\\\000\0\ita\\
=041  \\$aita
=100  \\$aAgazzari, Agostino$d1578-1640$4aut$1http://www.wikidata.org/entity/Q395563$921423
=245  10$aDel sonare sopra'l basso con tutti li stromenti e dell'uso loro nel conserto
=260  \\$aBologna$bForni$c1979
=300  \\$a12 pages
=490  \\$aBibliotheca musica Bononiensis$vSezione II N. 37
=500  \\$aReproduction of the Siena 1607 ed.
=650  \0$aBasso continuo$1http://www.wikidata.org/entity/Q724321$921065
=942  \\$cBOO
=952  \\$00$10$2ddc$40$6TRE_AGAZ$70$8TRE$920164$aORPH$bORPH$cKTS1_H$d2020-07-08$eKoopman$i14D42$l0$oTRE AGAZ$p20124690$r2021-05-12 00:00:00$w2021-05-12$yBOO
=999  \\$c20060$d20060

