=LDR  00693nam a22001817a 4500
=001  20061
=008  210512r20071687\\\|||||\||||\00|\0\ger\d
=020  \\$a9783487131931
=041  \\$ager
=100  \\$4aut$aAhle, Johann Georg$d1651-1706$1http://www.wikidata.org/entity/Q523499$921489
=245  \\$aSchriften zur Musik
=260  \\$aHildesheim$bGeorg Olms$c2007
=300  \\$a394 pages
=700  \\$4edt$4win$aRathey, Markus$921490
=942  \\$cBOO
=952  \\$00$10$2ddc$40$6TRE_AHLE$70$8TRE$920165$aORPH$bORPH$cKTS1_H$d2020-07-08$eKoopman$i13H12$l0$oTRE AHLE$p20124977$r2021-05-12 00:00:00$w2021-05-12$yBOO
=999  \\$c20061$d20061
=650  \0$aMusic criticism$1http://www.wikidata.org/entity/Q11748889$921598

