=LDR  00977    a2200193   4500
=001  20062
=008  210512r19801757\\\|||||\||||\00|\0\ger\d
=041  \\$ager$hfre
=100  \\$ad'Alembert, Jean Le Rond$d1717-1783$4aut$1http://www.wikidata.org/entity/Q153232$94826
=245  \\$aSystematische Einleitung in die musicalische Setzkunst nach den Lehrsätzen des Herrn Rameau
=260  \\$aLeipzig$bZentralantiquariat der DDR$c1980
=300  \\$a136 pages
=650  \0$aMusic theory$1http://www.wikidata.org/entity/Q193544$92662
=700  \\$4trl$aMarpurg, Friedrich Wilhelm$d1718-1795$1http://www.wikidata.org/entity/Q548897$94794
=765  \\$aEléments de musique théorique et pratique suivant les principes de M. Rameau
=856  \\$uhttps://www.loc.gov/item/08024542/$3Library of Congress
=942  \\$cBOO
=952  \\$00$10$2ddc$40$6TRE_ALEM$70$8TRE$920166$aORPH$bORPH$cKTS1_H$d2020-07-08$eKoopman$i14C37$l0$oTRE ALEM$p20126183$r2021-05-12 00:00:00$w2021-05-12$yBOO
=999  \\$c20062$d20062

