=LDR  01376cam a22002775a 4500
=001  20064
=005  20250120120039.0
=008  150126r19741763it\ca\\\\\\\\\000\0\lat\\
=041  \\$alat
=100  \\$aDoni, Giovanni Battista$d1595-1647$4aut$1http://www.wikidata.org/entity/Q2739207$97794
=245  10$aLyra Barberina
=260  \\$aBologna$bForni$c1974
=300  \\$a2 vols. (424+306-100 pages)
=490  \\$aBibliotheca musica Bononiensis$vSezione II N. 151
=648  \0$a17th Century (1601-1700)$1http://www.wikidata.org/entity/Q7016$920923
=650  \0$aMusic history$1http://www.wikidata.org/entity/Q846047$921373
=650  \0$aMusic theory$1http://www.wikidata.org/entity/Q193544$92662
=650  \0$aAcoustics$1http://www.wikidata.org/entity/Q82811$921365
=650  \0$aOpera$1http://www.wikidata.org/entity/Q1344$92468
=651  \0$aItaly$1http://www.wikidata.org/entity/Q38$922
=856  41$uhttp://hdl.loc.gov/loc.music/muspre1800.101810
=856  41$uhttps://www.loc.gov/item/06008789/manifest.json$3IIIF manifest
=942  \\$cBOO
=952  \\$00$10$2ddc$3I$40$6TRE_DONI$70$8TRE$920168$aORPH$bORPH$cKTS1_H$d2020-07-08$eKoopman$i13F18$oTRE DONI$p20124381$r2021-05-12 00:00:00$w2021-05-12$yBOO
=952  \\$00$10$2ddc$3II$40$6TRE_DONI$70$8TRE$920169$aORPH$bORPH$cKTS1_H$d2020-07-08$eKoopman$i13F19$oTRE DONI$p20124380$r2021-05-12 00:00:00$w2021-05-12$yBOO
=999  \\$d20064

