=LDR  01061cam a2200241 a 4500
=001  20070
=005  20250120120616.0
=008  810731r19751535pl\a\\\\\\\\\\000\0alat\\
=041  \\$alat
=100  \\$aGallinius, Marcin$4aut$1http://www.wikidata.org/entity/Q100327420$921530
=245  10$aAd venerabilem virum M. Benedictum Cosminium epistola
=260  \\$aKraków$bPolskie Wydawn. Muzyczne$c1975
=300  \\$a[64] pages
=490  \\$aMonumenta musicæ in Polonia$vIII
=500  \\$aReprint. Originally published: Ad venerabilem virum M. Benedictum Cosminium epistola. 
=534  \\$cCracow: Vietor, 1535.
=648  \0$a16th Century (1501-1600)$1http://www.wikidata.org/entity/Q7017$920944
=650  \0$aBiography$1http://www.wikidata.org/entity/Q36279$91927
=651  \0$aKraków (Poland)$1http://www.wikidata.org/entity/Q31487$924842
=700  \\$aMorawski, J.$4edt$912864
=942  \\$cBOO
=952  \\$00$10$2ddc$40$6TRE_GALL$70$8TRE$920174$aORPH$bORPH$cKTS1_H$d2020-07-08$eKoopman$i13B30$l0$oTRE GALL$p20124482$r2021-05-19 00:00:00$w2021-05-19$yBOO
=999  \\$d20070

