=LDR  01242cam a2200241 a 4500
=001  20072
=005  20250820153550.0
=008  890207r19831702sp\g\\\\\\\\\\000\0\spa\\
=020  \\$a8486230004
=041  \\$aspa
=100  \\$aTorres, José de$d1665-1738$4aut$1http://www.wikidata.org/entity/Q6294322$912460
=245  10$aReglas generales de acompañar
=260  \\$aMadrid$bArte Tripharia$c1983
=300  \\$a143 [i.e. 72]-124 pages
=590  \\$aen organo, clavicordio y harpa, con solo saber cantar la parte o un baxo en canto figurado : distribuidas en tres partes ... añadido aora un nuevo tratado, done se explica el modo de acompañar las obras de musica, segun el estilo italiano
=648  \0$a18th Century (1701-1800)$1http://www.wikidata.org/entity/Q7015$920899
=650  \0$aBasso continuo$1http://www.wikidata.org/entity/Q724321$921065
=650  \0$aMusic theory$1http://www.wikidata.org/entity/Q193544$92662
=650  \0$aAccompaniment$1http://www.wikidata.org/entity/Q504514$92918
=651  \0$aMexico$1http://www.wikidata.org/entity/Q96$921717
=942  \\$cBOO
=952  \\$00$10$2ddc$40$6TRE_TORR$70$8TRE$920176$aORPH$bORPH$cKTS1_H$d2020-07-08$eKoopman$i13B11$oTRE TORR$p20124501$r2021-05-19 00:00:00$w2021-05-19$yBOO
=999  \\$d20072

