=LDR  00727nam a22001937a 4500
=001  20075
=008  210519r19891730\\\|||||\||||\00|\0\fre\d
=020  \\$a2826600281
=041  \\$afre
=100  \\$4aut$aCappus, Jean-Baptiste$921536
=245  \\$aEtrennes de musique
=260  \\$aGenève$bMinkoff$c1989
=300  \\$a18-32 pages
=590  \\$aContentant une méthode courte et facile pour apprendre cet art en tres peu de temps
=650  \0$aMusic theory$1http://www.wikidata.org/entity/Q193544$92662
=700  \\$4win$aFuller, David$921537
=942  \\$cBOO
=952  \\$00$10$2ddc$40$6TRE_CAPP$70$8TRE$920179$aORPH$bORPH$cKTS1_H$d2020-07-08$eKoopman$i13B29$l0$oTRE CAPP$p20124483$r2021-05-19 00:00:00$w2021-05-19$yBOO
=999  \\$c20075$d20075

