=LDR  00670nam a22001817a 4500
=001  20076
=008  210519r20121676\\\|||||\||||\00|\0\ita\d
=020  \\$a9790502220617
=041  \\$aita
=100  \\$4aut$aBertali, Antonio$d1605-1669$1http://www.wikidata.org/entity/Q552272$921538
=245  \\$aInstructio musicalis
=260  \\$aStuttgart$bCornetto$c2012
=300  \\$a47 pages
=490  \\$aCornetto Faksimiles
=650  \0$aMusic theory$1http://www.wikidata.org/entity/Q193544$92662
=942  \\$cBOO
=952  \\$00$10$2ddc$40$6TRE_BERT$70$8TRE$920180$aORPH$bORPH$cKTS1_H$d2020-07-08$eKoopman$i14C61$l0$oTRE BERT$p20126151$r2021-05-19 00:00:00$w2021-05-19$yBOO
=999  \\$c20076$d20076

