=LDR  00742cam a2200193u  4500
=001  20077
=005  20250109133429.0
=008  820301s1550\\\\xx\a\\\\\\\\\\000\0\spa\\
=041  \\$aspa
=100  \\$aBermudo, Juan$d1510-1565$4aut$1http://www.wikidata.org/entity/Q615523$921539
=245  00$aEl arte tripharia
=260  \\$c1550$aOsuna$bJuan de Léon
=300  \\$a80 pages
=648  \0$a16th Century (1501-1600)$1http://www.wikidata.org/entity/Q7017$920944
=650  \0$aMusic theory
=651  \0$aSpain$1http://www.wikidata.org/entity/Q29$920983
=942  \\$cBOO
=952  \\$00$10$2ddc$40$6TRE_BERM$70$8TRE$920181$aORPH$bORPH$cKTS1_H$d2020-07-08$eKoopman$i14D15$l0$oTRE BERM$p20124677$r2021-05-19 00:00:00$w2021-05-19$yBOO$zReprint
=999  \\$c20077$d20077

