=LDR  01088cam a2200253   4500
=001  20078
=005  20250109133429.0
=008  740401r19721932gw\f\\\\\b\\\\001\0\fre\\
=020  \\$a3761802668
=041  0\$afre$alat
=100  \\$aArnaut de Zwolle, Henri$d?-1466$4aut$1http://www.wikidata.org/entity/Q642571$921540
=245  04$aLes traités d'Henri-Arnault de Zwolle et de divers anonymes
=260  \\$aKassel$bBärenreiter$c1972
=300  \\$axx-58 pages
=500  \\$aPhoto-offset of the Paris, 1932 ed., published under title: Instruments de musique de XVe siècle.
=500  \\$aLatin transcription and French translation in parallel columns.
=590  \\$aParis: Bibliothèque nationale, MS. latin 7295
=650  \0$aMusical instruments
=650  \0$aMusic theory
=700  \\$aLe Cerf, Georges$d1879-1933$4edt$4cmm$921541
=700  \\$aLabande, Edmond René$d1908-1992$4edt$4cmm$921542
=942  \\$cBOO
=952  \\$00$10$2ddc$40$6TRE_ARNA$70$8TRE$920183$aORPH$bORPH$cKTS1_H$d2020-07-08$eKoopman$i13F66$l0$oTRE ARNA$p20124332$r2021-05-19 00:00:00$w2021-05-19$yBOO
=999  \\$c20078$d20078

