=LDR  00865nam a22002177a 4500
=001  20079
=005  20250925143306.0
=008  210520s1923\\\\\\\|||||\||||\00|\0\fre\d
=041  \\$afre
=100  \\$4aut$aLiaudes, Augusta Manon aux$921549
=245  \\$aCahier de Jeanne Darc
=260  \\$as.l.$c1923
=300  \\$a58 pages
=500  \\$aSongbook, texts only.
=648  \0$a20th Century (1901-2000)$1http://www.wikidata.org/entity/Q6927$920936
=650  \0$aPoetry$1http://www.wikidata.org/entity/Q482$93026
=650  \0$aSong$1http://www.wikidata.org/entity/Q7366$94164
=651  \0$aFrance$1http://www.wikidata.org/entity/Q142$9131
=942  \\$cMS
=952  \\$00$10$2ddc$40$6KTS_1_000000000000000_C2_60_MAP_026G$70$8RAR$920185$aORPH$bORPH$cKTS1_C2$d2020-07-08$eKoopman$iMap.026g$l0$oKTS1 C2.60 Map.026g$p20136440g$r2021-05-20 00:00:00$w2021-05-20$yMS
=999  \\$c20079$d20079

