=LDR  01582ndc a22002537a 4500
=001  20080
=008  210520n\\\\\\\\\\\||l|||||||\00|\0\eng\d
=041  \\$aeng
=059  \\$aorg
=100  \\$4cmp$aStanley, John$d1712-1786$1http://www.wikidata.org/entity/Q726286$94965
=245  \\$a[Organ music]
=260  \\$as.l.$bc. 1750-1800
=300  \\$a6 pages
=500  \\$aSix pages of organ music in different hands, from the second half of the eighteenth century, partly copies, partly autographs, including a fragment by John Stanley and four organ pieces (Voluntary, Präludium, Fuge ect) by an anonymous composer. In addition, there an organ intavolation of a four-part piece by Thomas Tallis (dixit the antiquarian).
=500  \\$aPage 3 is part of Stanley's Voluntaries for the Organ or Harpsichord op. 6 no. 2 (print see 03J49)
=533  \\$aDigitized by iGuana, Spring 2022
=648  \0$a18th Century (1701-1800)$1http://www.wikidata.org/entity/Q7015$920899
=650  \0$aOrgan music$1http://www.wikidata.org/entity/Q2003283$91951
=700  \\$4cmp$aTallis, Thomas$dc. 1505-1585$1http://www.wikidata.org/entity/Q207789$921550
=856  \\$uhttps://uv-v4.netlify.app/#?manifest=https://sharedcanvas.be/IIIF/manifests/15a59aa2-497d-11ed-8eb8-d81314385043$3IIIF
=856  \\$uhttps://sharedcanvas.be/IIIF/manifests/15a59aa2-497d-11ed-8eb8-d81314385043$3IIIF manifest
=942  \\$cMS
=952  \\$00$10$2ddc$40$6KTS_1_000000000000000_C2_60_MAP_026H$70$8RAR$920186$aORPH$bORPH$cKTS1_C2$d2020-07-08$eKoopman$oKTS1 C2.60 Map.026h$p20136440h$r2021-05-20 00:00:00$w2021-05-20$yMS
=999  \\$d20080

