=LDR  01416ncm a22002777a 4500
=001  20081
=005  20250925143306.0
=008  210520n\\\\\\\\\\\||ld|\||||\00|\0\mul\d
=041  \\$alat$afre
=059  \\$aT B (S MEZ) org (hp) 
=100  \\$4cmp$aGarnier, Ernest $d1858-1932$921552
=245  \\$aO Salutaris à deux voix. $bTenor et Basse ou Soprano et Mezzo-Soprano. Avec accompagnement d'Orgue ou Harmonium, Harpe ad libitum
=260  \\$aParis$bChatot$cs.d.
=300  \\$a10+3 pages$bscore + separate parts (uncut) for Mezzo-Soprano, Tenor/Soprano, Basse and harp.
=500  \\$aAutograph dedication by Ernest Garnier on titlepage
=500  \\$aErnest Garnier was a violinist, composer, conductor and music critic from Lyon. 
=561  \\$aEx Libris E. Garnier (stamp)
=590  \\$aà son ami Bourgeois
=648  \0$a19th Century (1801-1900)$1http://www.wikidata.org/entity/Q6955$920935
=648  \0$a20th Century (1901-2000)$1http://www.wikidata.org/entity/Q6927$920936
=650  \0$aHymn$1http://www.wikidata.org/entity/Q484692$921333
=650  \0$aReligion$1http://www.wikidata.org/entity/Q9174$93062
=650  \0$aVocal music$1http://www.wikidata.org/entity/Q685884$93319
=942  \\$cSCO
=952  \\$00$10$2ddc$40$6KTS_1_000000000000000_C2_60_MAP_024C$70$8RAR$920187$aORPH$bORPH$cKTS1_C2$d2020-07-08$eKoopman$iMap.024c$l0$oKTS1 C2.60 Map.024c$p20136439c$r2021-05-20 00:00:00$w2021-05-20$ySCO
=999  \\$d20081

