=LDR  02119ncm a22003377a 4500
=001  20083
=005  20250926135309.0
=008  210520n\\\\\\\\\\\||le|\||||\00|\0\ger\d
=041  \\$ager
=059  \\$a2vl va vc
=100  \\$4cmp$aBach, Carl Philipp Emanuel$d1714-1788$1http://www.wikidata.org/entity/Q76428$99218
=240  \\$aSymphony in A major, H.660, Wq.182/4
=245  \\$aZwei Streichquartette Philipp Emanuel Bach. $bNach der in der Bibliothek der Thomasschule zu Leipzig befindlichen Abschrift. N° II 
=260  \\$aLangensalza$bBeyer$cs.d.
=300  \\$a14+5+5+4+4 pages$bset of score and parts (complete)
=490  \\$aFür's Haus$v53
=500  \\$aPiece is now known as Nr. 4 of the 6 String Symphonies for Baron van Swieten, Symphony in A major, H.660 / Wq.182/4.
=500  \\$a1. Allegro ma non troppo
2. Largo ed innocentemente
3. Allegro assai
=500  \\$aSymphony composed in 1773. Hugo Riemann was the first to publish it in 1897 (taking it for a string quartet). 
Autograph score is in Brussels: Royal Conservatory Library, B-Bc/ 25902
=500  \\$aMaurice Reuchsel (1880 -1968) was a French violinist, composer and musicographer. 

=561  \\$aEx Libris Maurice Reuchsel (ms on titlepage)
(stamp of music publisher Janir Freres Lyon on titlepage, Reuchsel lived in Lyon)
=610  \0$aThomasschule (Leipzig, Germany)$1http://www.wikidata.org/entity/Q699668$91465
=648  \0$a18th Century (1701-1800)$1http://www.wikidata.org/entity/Q7015$920899
=648  \0$a19th Century (1801-1900)$1http://www.wikidata.org/entity/Q6955$920935
=650  \0$aString quartet$1http://www.wikidata.org/entity/Q207338$94110
=650  \0$aSymphony$1http://www.wikidata.org/entity/Q9734$92527
=650  \0$aInstrumental music$1http://www.wikidata.org/entity/Q639197$92106
=700  \\$4edt$4arr$aRiemann, Hugo$d1849-1919$1http://www.wikidata.org/entity/Q213539$916448
=942  \\$cSCO
=952  \\$00$10$2ddc$40$6KTS_1_000000000000000_C2_60_MAP_024E$70$8RAR$920189$aORPH$bORPH$cKTS1_C2$d2020-07-08$eKoopman$iMap.024e$l0$oKTS1 C2.60 Map.024e$p20136439e$r2021-05-20 00:00:00$w2021-05-20$ySCO
=999  \\$d20083

