=LDR  01302nam a22002297a 4500
=001  20088
=005  20250925143306.0
=008  210521s1920\\\\\\\|||||\||||\00|\0\dan\d
=041  \\$adan
=100  \\$4aut$aHagen, Sophus$d1842-1929$1http://www.wikidata.org/entity/Q7563151$96423
=245  \\$aDiderik Buxtehude, o. 1637-1707, $bhans Familie og lidet kjendte Ungdom, inden han kom til Lübeck 1668, en arkivalisk Studie 
=260  \\$aCopenhagen$bSkon & Madsens$c1920
=300  \\$a87 pages$bindex
=336  \\$aprinted
=500  \\$aThe Internationale Dieterich-Buxtehude-Gesellschaft (International Dieterich Buxtehude Society) was founded on 8 May 2004 in Buxtehude's place of work, Lübeck. Ton Koopman is president.
The Hagen publication is part of  the estate of Barbara Groinich, active in the society.
=561  \\$aEx Libris Niels Roland Clausen (manuscript)
=600  \0$aBuxtehude, Dietrich$d1637-1707$1http://www.wikidata.org/entity/Q153637$910062
=648  \0$a20th Century (1901-2000)$1http://www.wikidata.org/entity/Q6927$920936
=650  \0$aMusic history$1http://www.wikidata.org/entity/Q846047$921373
=942  \\$cBOO
=952  \\$00$10$2ddc$40$6BIO_BUXT_D$70$8BIO$920195$aORPH$bORPH$cKTS1_P$d2020-07-08$eKoopman$i32G28$l0$oBIO BUXT d$r2021-05-21 00:00:00$w2021-05-21$yBOO
=999  \\$c20088$d20088

