=LDR  00933nam a2200229u  4500
=001  20090
=008  900626r19701511gw\gf||\|\\\\\000|0\ger\c
=020  \\$a3761800045
=041  \\$ager
=245  00$aMusica getutscht 1511
=260  \\$aKassel$bBärenreiter$c1970
=300  \\$a114 pages
=490  0\$aDocumenta musicologica$v31
=561  \\$aEx Libris Ton Koopman
=648  \0$a16th Century (1501-1600)$1http://www.wikidata.org/entity/Q7017$920944
=650  \0$aOrganology$1http://www.wikidata.org/entity/Q899293$921400
=651  \0$aGermany$1http://www.wikidata.org/entity/Q183$9155
=700  \\$aNiemöller, Klaus Wolfgang$d1929-2024$4edt$914812
=700  \\$aVirdung, Sebastian$d1465-1511$4aut$1http://www.wikidata.org/entity/Q65884$918828
=942  \\$cBOO
=952  \\$00$10$2ddc$40$6INS_1A$70$8TRE$920197$aORPH$bORPH$cKTS1_H$d2020-07-08$eKoopman$i13B09$l1$oINS1a$p20124503$r2021-10-18 00:00:00$s2021-10-18$w2021-05-21$yBOO
=999  \\$d20090

