=LDR  00764nam a22001097a 4500
=001  20098
=008  210527b\\\\\\\\\\\|||||\||||\00|\0\###\d
=245  \\$a[Molière collection]
=501  \\$aDom Garcie de Navarre, ou Le prince jaloux
George Dandin ou Le mari confondu
L'Escole des femmes
L'Escole des maris
La Comtesse d'Escarbagnas
La Princesse d'Élide ensemble les plaisirs de l'isle enchantée
Le Mariage forcé
Le Sicilien ou L'Amour peintre
Les Amans magnifiques. Comédie meslée de musique et d'entrées de ballet
Mélicerte. Comédie pastorale héroique
=942  \\$cBOO
=952  \\$00$10$2ddc$40$6KTS_1_000000000000000_C1_02_05B13AJ$70$8RAR$920206$aORPH$bORPH$cKTS1_C1$d2020-07-08$eKoopman$oKTS1 C1.02 05B13a-j$p20136454$r2021-05-27 00:00:00$w2021-05-27$yBOO
=999  \\$c20098$d20098

