=LDR  01031nam a22002297a 4500
=001  20115
=008  210616s1939\\\\\\\|||||\||||\00|\0bfre\d
=041  \\$afre
=100  \\$4aut$aPourtalès, Guy de$d1881-1941$1http://www.wikidata.org/entity/Q1557629$913356
=245  \\$aBerlioz et l'Europe romantique
=250  \\$a13th ed.
=260  \\$aParis$bGallimard$c1939
=300  \\$a382 pages
=600  \0$aBerlioz, Hector$d1803-1869$1http://www.wikidata.org/entity/Q1151$99542
=648  \0$a19th Century (1801-1900)$1http://www.wikidata.org/entity/Q6955$920935
=650  \0$aMusic history$1http://www.wikidata.org/entity/Q846047$921373
=650  \0$aBiography$1http://www.wikidata.org/entity/Q36279$91927
=650  \0$aComposer$1http://www.wikidata.org/entity/Q36834$93625
=650  \0$aRomanticism$1http://www.wikidata.org/entity/Q37068$921719
=942  \\$cBOO
=952  \\$00$10$2ddc$40$6BIO_BERL_D$70$8BIO$920260$aORPH$bORPH$cKTS1_P$d2020-07-08$eKoopman$g12.00$oBIO BERL d$p20136348$r2021-06-16 00:00:00$w2021-06-16$yBOO
=999  \\$c20115$d20115

