=LDR  01671ncm a2200301 a 4500
=001  20149
=008  250512r20021657|||||l||\||||\00|\\\ger\d
=024  \\$2ISMN$aM501001385
=040  \\$aMB
=041  \\$ager
=059  \\$av bc
=100  \\$aAlbert, Heinrich$d1604-1651$1http://www.wikidata.org/entity/Q679477$4aut$921424
=245  \\$aArien
=250  \\$afacs. ed.
=260  \\$aStuttgart$bCornetto$c2002
=300  \\$a[iv]-273-[8] pages$bengraved frontispiece
=500  \\$aPrincipally for voice and continuo.
=500  \\$aReprints. First work originally published: Arien, erster Theil : darinnen die jenige geistliche Lieder, so in seinen 6 unterschiedenen Theilen vorhin in Folio gedruckt, jetzo aber ... in solche kleinere Form ... zum Druck befödert. Leipzig : Christoph. Cellarius, 1657. Second work originally published: Arien, ander Theil : darinnen die jenige weltliche Lieder, so in seinen 6 unterschiedenen Theilen vorhin in Folio gedruckt, jetzund aber ... in solche kleinere Form zum Druck befödert. Brieg : Christoff Tschorn, 1657.
=500  \\$aIncludes indexes.
=648  \0$a17th Century (1601-1700)$1http://www.wikidata.org/entity/Q7016$920923
=650  \0$aSong$1http://www.wikidata.org/entity/Q7366$94164
=650  \0$aBasso continuo$1http://www.wikidata.org/entity/Q724321$921065
=650  \0$aPart songs, German.
=650  \0$aAria$1http://www.wikidata.org/entity/Q178122$921592
=650  \0$aReligion$1http://www.wikidata.org/entity/Q9174$93062
=942  \\$cSCO
=952  \\$00$10$2ddc$40$6SCO_S_ALBE$70$8SCO$920317$aORPH$bORPH$cKTS1_H$d2020-07-08$eKoopman$i13A32$l0$oSCO S ALBE$p20121966$r2021-07-01 00:00:00$w2021-07-01$ySCO
=999  \\$d20149

