=LDR  00819ncm a22002057a 4500
=001  20152
=008  210701s1990\\\\\\\||l||\||||\00|\0\ita\d
=040  \\$aOI
=041  \\$afre
=059  \\$avn bc
=100  \\$4cmp$aAlbinoni, Tomaso$d1671-1750$1http://www.wikidata.org/entity/Q174606$914336
=245  \\$aTrattenimenti armonici per camera
=260  \\$aCourlay$bFuzeau$c1990
=300  \\$a13-67-[2] pages
=648  \0$a18th Century (1701-1800)$1http://www.wikidata.org/entity/Q7015$920899
=650  \0$aSonata$1http://www.wikidata.org/entity/Q131269$921653
=651  \0$aAmsterdam (Netherlands)$1http://www.wikidata.org/entity/Q727$9135
=942  \\$cSCO
=952  \\$00$10$2ddc$40$6SCO_ALBI1$70$8SCO$920320$aORPH$bORPH$cKTS1_P$d2020-07-08$eKoopman$i14F20$l0$oSCO ALBI1$p20124800$r2021-07-01 00:00:00$w2021-07-01$ySCO
=999  \\$d20152

