=LDR  00752nam a22002057a 4500
=001  20155
=005  20250926133622.0
=008  210701b\\\\\\\\\\\|||||\||||\00|\0\###\d
=040  \\$aMB
=041  \\$afre
=059  \\$avn/fl viol hpd
=100  \\$4cmp$aAbel, Carl Friedrich$d1723-1787$912066
=245  \\$aSix sonates pour le clavecin
=260  \\$aMichigan$bEarly Music Facsimiles
=300  \\$a25 pages$bmusic
=648  \0$a18th Century (1701-1800)$1http://www.wikidata.org/entity/Q7015$920899
=650  \0$aSonata$1http://www.wikidata.org/entity/Q131269$921653
=942  \\$cSCO
=952  \\$00$10$2ddc$40$6SCO_ABELL$70$8SCO$920324$aORPH$bORPH$cKTS1_P$d2020-07-08$eKoopman$i14H68$l0$oSCO ABELL$p20126372$r2021-07-01 00:00:00$w2021-07-01$ySCO
=999  \\$c20155$d20155

