=LDR  00902nam a22002297a 4500
=001  20160
=008  210702b\\\\\\\\\\\|||||\||||\00|\0\###\d
=040  \\$aMB
=041  \\$aeng
=059  \\$ahpd/pf
=100  \\$aArnold, Samuel$d1740-1802$1http://www.wikidata.org/entity/Q1379741$96562
=245  \\$aSix overtures for the harpsichord or piano forte.$bOpera VIII
=260  \\$aUSA$bPerformers Editions$c1992
=300  \\$a26 pages$bmusic
=336  \\$anotated music
=336  \\$aprinted
=648  \0$a18th Century (1701-1800)$1http://www.wikidata.org/entity/Q7015$920899
=650  \0$aOverture$1http://www.wikidata.org/entity/Q202287$921591
=650  \0$aHarpsichord$1http://www.wikidata.org/entity/Q81982$92125
=942  \\$cSCO
=952  \\$00$10$2ddc$40$6SCO_ARNO$70$8SCO$920333$aORPH$bORPH$cKTS1_P$d2020-07-08$eKoopman$i13E70$l0$oSCO ARNO$p20124405$r2021-07-02 00:00:00$w2021-07-02$ySCO
=999  \\$c20160$d20160

