=LDR  00828ncm a22002177a 4500
=001  20161
=008  210702b\\\\\\\\\\\||l||\||||\00|\0\\\\\d
=040  \\$aMB
=041  \\$aeng
=059  \\$av vn va bn
=100  \\$aArne, Thomas$d1710-1778$4cmp$1http://www.wikidata.org/entity/Q309709$94749
=245  \\$aCantatas for a Voice and Instruments
=260  \\$bKing's Music
=300  \\$a70 pages$bmusic
=500  \\$aFacsimile
=648  \0$a18th Century (1701-1800)$1http://www.wikidata.org/entity/Q7015$920899
=650  \0$aCantata$1http://www.wikidata.org/entity/Q174873$921603
=651  \0$aUnited Kingdom$1http://www.wikidata.org/entity/Q21$9273
=942  \\$cSCO
=952  \\$00$10$2ddc$40$6SCO_ARNE$70$8SCO$920334$aORPH$bORPH$cKTS1_P$d2020-07-08$eKoopman$i13E90$l0$oSCO ARNE$p20121942$r2021-07-02 00:00:00$w2021-07-02$ySCO
=999  \\$d20161

