=LDR  00894ncm a22002297a 4500
=001  20163
=005  20250925143306.0
=008  210702s1942\\\\\\\a|l||\||||\00|\0\fre\d
=040  \\$aMB
=041  \\$afre
=059  \\$av
=100  \\$aArma, Paul$d1905-1987$1http://www.wikidata.org/entity/Q443497$921829
=245  \\$aNoël! Chantons noël!
=260  \\$aParis$bLes éditions ouvrières$cs.d.
=300  \\$a239-[1] pages$bmusic
=648  \0$a20th Century (1901-2000)$1http://www.wikidata.org/entity/Q6927$920936
=650  \0$aChristmas$1http://www.wikidata.org/entity/Q19809$92122
=650  \0$aSong$1http://www.wikidata.org/entity/Q7366$94164
=651  \0$aFrance$1http://www.wikidata.org/entity/Q142$9131
=942  \\$cSCO
=952  \\$00$10$2ddc$40$6SCO_S_ARMA$70$8SCO$920337$aORPH$bORPH$cKTS1_H$d2020-07-08$eKoopman$i42A19$l0$oSCO S ARMA$p20122134$r2021-07-02 00:00:00$w2021-07-02$ySCO
=999  \\$d20163

