=LDR  00890ncm a22002177a 4500
=001  20170
=008  210702s1969\\\\\\\||l||\||||\00|\0\eng\d
=040  \\$aMB
=041  \\$aeng
=059  \\$ahpd
=100  \\$aArne, Thomas$d1710-1778$4cmp$1http://www.wikidata.org/entity/Q309709$94749
=245  \\$aVIII Sonatas or Lessons for the Harpsichord
=260  \\$aSurrey$bStainer & Bell$c1969
=300  \\$a32 pages$bmusic
=648  \0$a18th Century (1701-1800)$1http://www.wikidata.org/entity/Q7015$920899
=650  \0$aHarpsichord$1http://www.wikidata.org/entity/Q81982$92125
=650  \0$aSonata$1http://www.wikidata.org/entity/Q131269$921653
=651  \0$aUnited Kingdom$1http://www.wikidata.org/entity/Q21$9273
=942  \\$cSCO
=952  \\$00$10$2ddc$40$6SCO_ARNE$70$8SCO$920346$aORPH$bORPH$cKTS1_P$d2020-07-08$eKoopman$i13D08$l0$oSCO ARNE$p20136872$r2021-07-02 00:00:00$w2021-07-02$ySCO
=999  \\$d20170

