=LDR  01214cam a22002411  4500
=001  20176
=005  20250120120323.0
=008  740801r19671926nyucg\\\\\\\\\000\0beng\\
=040  \\$aOI
=041  \\$aeng
=100  \\$4edt$aSonneck, Oscar G.$d1873-1928$1http://www.wikidata.org/entity/Q3886456$914138
=245  00$aBeethoven:$bImpressions by his Contemporaries
=260  \\$aNew York$bDover$c1967
=300  \\$avi, 231 p. :$bports., music ;$c22 cm.
=500  \\$a"This Dover edition is an unabridged and unaltered republication of the work originally published in 1926 under the title Beethoven: impressions of contemporaries."
=534  \\$aOriginally published as 'Beethoven: Impressions of Contemporaries' (Schirmer, 1926)
=600  \0$aBeethoven, Ludwig van$d1770-1827$1http://www.wikidata.org/entity/Q255$95335
=650  \0$aComposer$1http://www.wikidata.org/entity/Q36834$93625
=650  \0$aPianist$1http://www.wikidata.org/entity/Q486748$92959
=650  \0$aBiography$1http://www.wikidata.org/entity/Q36279$91927
=942  \\$cBOO
=952  \\$00$10$2ddc$40$6BIO_BEET_B$70$8BIO$920355$aORPH$bORPH$cKTS1_P$d2020-07-08$eKoopman$g10.72$oBIO BEET b$p20131277$r2021-07-06 00:00:00$w2021-07-06$yBOO
=999  \\$c20176$d20176

