=LDR  01158nam a22001937a 4500
=001  20187
=008  210708s1763\\\\\\\|||||\||||\00|\0\ger\d
=041  \\$ager
=245  \\$aZum Friedens Feste
=260  \\$as.l.$bs.n.$c1763
=336  \\$abook
=505  \\$gVollstandiges Kirchen-Buch -- Agenda, das ist: Kirchen-Ordnung, Wie sich die Pfarrherren und Seelsorger in ihren Aemtern und Diensten verhalten sollen -- Rescript: Die Verehligung und Copulation der Soldaten betreffend -- Der Kleine Catechismus, ohne und mit der Auslegung -- Die allgemein und gewohnlichen Kirchen-Gebete, als da ist: Die Beichte Sonntags- und Betstunden-Gebet -- Ehe-Ordnung
=648  \0$a18th Century (1701-1800)$1http://www.wikidata.org/entity/Q7015$920899
=650  \0$aLutheranism$1http://www.wikidata.org/entity/Q75809$923975
=650  \0$aPeace of Hubertusburg$1http://www.wikidata.org/entity/Q698686$941039
=651  \0$1http://www.wikidata.org/entity/Q183$aGermany$9155
=942  \\$cBOO
=952  \\$00$10$2ddc$40$6KTS_1_000000000000000_C1_16_09H12$70$8RAR$920373$aORPH$bORPH$cKTS1_C1$d2020-07-08$eKoopman$l0$oKTS1 C1.16 09H12$p20136926$r2021-07-08 00:00:00$w2021-07-08$yBOO
=999  \\$d20187

