=LDR  01094nam a22002177a 4500
=001  20199
=008  210712s1716\\\\\\\|||||\||||\00|\p\dut\d
=041  \\$adut
=245  \\$aThirsis Minnewit:$bBestaande in een versameling van de aangenaamste minne-zangen en voysen
=260  \\$aAmsterdam$bvan Heekeren$c[1716]
=300  \\$a3 vols. in 1 (160-168-169 pages)$bengraved frontispiece
=500  \\$aOnly the third volume bears a date of publication: 1716
=501  \\$aBound in with 'De vrolyke zang-godin' (1716)
=563  \\$aBeautiful leather binding with numerous gilded ornaments; gilded cut
=648  \0$a18th Century (1701-1800)$1http://www.wikidata.org/entity/Q7015$920899
=650  \0$aSong$1http://www.wikidata.org/entity/Q7366$94164
=650  \0$aContrafactum$1http://www.wikidata.org/entity/Q1783270$922210
=651  \0$aNetherlands$1http://www.wikidata.org/entity/Q55$9173
=942  \\$cBOO
=952  \\$00$10$2ddc$40$6KTS_1_000000000000000_C1_02_05B49AC$70$8RAR$920393$aORPH$bORPH$cKTS1_C1$d2020-07-08$eKoopman$oKTS1 C1.02 05B49a-c$p20136772a$r2021-07-12 00:00:00$w2021-07-12$yBOO
=999  \\$d20199

