=LDR  01174nam a22002777a 4500
=001  20204
=005  20250926134858.0
=008  210713e1979\\\\\\\||le|\||||\00|\0\ger\d
=040  \\$aMB
=041  \\$ager
=059  \\$apf/org
=100  \\$4cmp$aBach, Johann Sebastian$d1685-1750$1http://www.wikidata.org/entity/Q1339$94766
=245  \\$aDie Kunst der Fuge
=260  \\$aLeipzig$bVEB Deutscher Verlag für Musik Leipzig$c1979
=300  \\$a5 vols. ([74]+[44]+[2]+[14]+47 pages)$bmusic
=336  \\$anotated music
=336  \\$aprinted
=648  \0$a18th Century (1701-1800)$1http://www.wikidata.org/entity/Q7015$920899
=650  \0$aLute$1http://www.wikidata.org/entity/Q180733$93944
=650  \0$aPiano$1http://www.wikidata.org/entity/Q5994$92127
=650  \0$aFugue$1http://www.wikidata.org/entity/Q181014$93142
=651  \0$aGermany$1http://www.wikidata.org/entity/Q183$9155
=700  \\$4edt$aHoke, Hans Gunter$d1928-1990$1http://www.wikidata.org/entity/Q72937440$921932
=942  \\$cSCO
=952  \\$00$10$2ddc$40$6SCO_BACH1$70$8SCO$920403$aORPH$bORPH$cKTS1_P$d2020-07-08$eKoopman$i14E05$l0$oSCO BACH1$p20124703$r2021-07-13 00:00:00$w2021-07-13$ySCO
=999  \\$c20204$d20204

