=LDR  01057nam a22002537a 4500
=001  20205
=005  20250926134858.0
=008  210713e1964\\\\\\\||ld|\||||\00|\0\ger\d
=040  \\$aMB
=041  \\$ager
=100  \\$4cmp$aBach, Johann Sebastian$d1685-1750$1http://www.wikidata.org/entity/Q1339$94766
=245  \\$aDer Geist hilft unser Schwachheit auf,$bMotette.
=260  \\$aKassel$bBärenreiter$c1964
=300  \\$a18+[2] pages$bmusic
=336  \\$aprinted
=336  \\$anotated music
=648  \0$a18th Century (1701-1800)$1http://www.wikidata.org/entity/Q7015$920899
=650  \0$aLute$1http://www.wikidata.org/entity/Q180733$93944
=650  \0$aMotet$1http://www.wikidata.org/entity/Q188285$92028
=651  \0$aGermany$1http://www.wikidata.org/entity/Q183$9155
=700  \\$4edt$aAmeln, Konrad$d1899-1994$1http://www.wikidata.org/entity/Q1312537$921891
=942  \\$cSCO
=952  \\$00$10$2ddc$40$6SCO_BACH1$70$8SCO$920405$aORPH$bORPH$cKTS1_P$d2020-07-08$eKoopman$i14E37$l0$oSCO BACH1$p20124709$r2021-07-13 00:00:00$w2021-07-13$ySCO
=999  \\$c20205$d20205

