=LDR  01125nam a22002777a 4500
=001  20207
=005  20250926134858.0
=008  210713e1960\\\\\\\||ld|\||||\00|\0\ger\d
=040  \\$aMB
=041  \\$ager
=100  \\$4cmp$aBach, Johann Sebastian$d1685-1750$1http://www.wikidata.org/entity/Q1339$94766
=245  \\$aWeihnachtsoratorium
=260  \\$aKassel$bBärenreiter$c1960
=300  \\$a12-[148] pages$bmusic
=336  \\$aprinted
=336  \\$anotated music
=500  \\$aBWV 248
=648  \0$a18th Century (1701-1800)$1http://www.wikidata.org/entity/Q7015$920899
=650  \0$aLute$1http://www.wikidata.org/entity/Q180733$93944
=650  \0$aOratorio$1http://www.wikidata.org/entity/Q85477$91825
=650  \0$aChristmas$1http://www.wikidata.org/entity/Q19809$92122
=651  \0$aGermany$1http://www.wikidata.org/entity/Q183$9155
=700  \\$4edt$aDürr, Alfred$d1918-2011$1http://www.wikidata.org/entity/Q84411$910643
=942  \\$cSCO
=952  \\$00$10$2ddc$40$6SCO_BACH1$70$8SCO$920407$aORPH$bORPH$cKTS1_P$d2020-07-08$eKoopman$i14E07$l0$oSCO BACH1$p20124692$r2021-07-13 00:00:00$w2021-07-13$ySCO
=999  \\$c20207$d20207

