=LDR  01107ncm a22002657a 4500
=001  20208
=005  20250926134858.0
=008  210714n\\\\\\\\\\\||le|\||||\00|\0\ger\d
=040  \\$aMB
=041  \\$ager
=059  \\$ahpd
=100  \\$4cmp$aBach, Johann Sebastian$d1685-1750$1http://www.wikidata.org/entity/Q1339$94766
=245  \\$aClavier Übung bestehend in einer Aria mit verschiedenen Veraenderungen vors Clavicimbal mit 2 Manualen
=260  \\$aNew York$bPerormer's Facsimiles New York
=300  \\$a32 pages$bmusic
=336  \\$anotated music
=336  \\$aprinted
=648  \0$a18th Century (1701-1800)$1http://www.wikidata.org/entity/Q7015$920899
=650  \0$aLute$1http://www.wikidata.org/entity/Q180733$93944
=650  \0$aAria$1http://www.wikidata.org/entity/Q178122$921592
=650  \0$aPiano$1http://www.wikidata.org/entity/Q5994$92127
=651  \0$aGermany$1http://www.wikidata.org/entity/Q183$9155
=942  \\$cSCO
=952  \\$00$10$2ddc$40$6SCO_BACH1$70$8SCO$920408$aORPH$bORPH$cKTS1_P$d2020-07-08$eKoopman$i13E63$l0$oSCO BACH1$p20124412$r2021-07-14 00:00:00$w2021-07-14$ySCO
=999  \\$d20208

