=LDR  01035ncm a22002537a 4500
=001  20209
=005  20250926134858.0
=008  210714n\\\\\\\\\\\||le|\||||\00|\0\ger\d
=040  \\$aMB
=041  \\$ager
=059  \\$apf/org
=100  \\$aBach, Johann Sebastian$d1685-1750$1http://www.wikidata.org/entity/Q1339$94766
=245  \\$aClavier Übung bestehend in verschiedenen Vorspielen über die Catechismus-und andere Gesaenge, vor die Orgel
=260  \\$aNew York$bPerformers' Facsimiles
=300  \\$a77 pages$bmusic
=336  \\$aprinted
=336  \\$anotated music
=648  \0$a18th Century (1701-1800)$1http://www.wikidata.org/entity/Q7015$920899
=650  \0$aLute$1http://www.wikidata.org/entity/Q180733$93944
=650  \0$aPiano$1http://www.wikidata.org/entity/Q5994$92127
=651  \0$aGermany$1http://www.wikidata.org/entity/Q183$9155
=942  \\$cSCO
=952  \\$00$10$2ddc$40$6SCO_BACH1$70$8SCO$920409$aORPH$bORPH$cKTS1_P$d2020-07-08$eKoopman$i13G30$l0$oSCO BACH1$p20124920$r2021-07-14 00:00:00$w2021-07-14$ySCO
=999  \\$d20209

