=LDR  01133ncm a22002417a 4500
=001  20214
=005  20250926134858.0
=008  210714s1980\\\\xxu|||||\||||\00|\0\ger\d
=040  \\$aMB
=041  \\$ager
=100  \\$4cmp$aBach, Johann Sebastian$d1685-1750$1http://www.wikidata.org/entity/Q1339$94766
=245  \\$aAngenehmes Wiederau, freue dich in deinen Auen
=260  \\$aLeipzig$bVEB Deutscher Verlag für Musik Leipzig$c1980
=300  \\$ax-[40] pages$bmusic
=490  \\$aFaksimile-Reihe Bachscher Werke und Schrifstücke Herausgegeben vom Bach-Archiv Leipzig$vBand 16
=648  \0$a18th Century (1701-1800)$1http://www.wikidata.org/entity/Q7015$920899
=650  \0$aLute$1http://www.wikidata.org/entity/Q180733$93944
=650  \0$aCantata$1http://www.wikidata.org/entity/Q174873$921603
=651  \0$aGermany$1http://www.wikidata.org/entity/Q183$9155
=700  \\$aNeumann, Werner$d1905-1991$1http://www.wikidata.org/entity/Q99260$921849
=942  \\$cSCO
=952  \\$00$10$2ddc$40$6SCO_BACH1$70$8SCO$920416$aORPH$bORPH$cKTS1_P$d2020-07-08$eKoopman$i14E47$l0$oSCO BACH1$p20124704$r2021-07-14 00:00:00$w2021-07-14$ySCO
=999  \\$d20214

