=LDR  01080ncm a22002537a 4500
=001  20217
=005  20251030091450.0
=008  210715e1988\\\\\\\||ld|\||||\00|\0\ger\d
=020  \\$a3-7463-0140-8
=040  \\$aMB
=041  \\$ager
=059  \\$av tpt 2vn va bc
=100  \\$4cmp$aBach, Johann Sebastian$d1685-1750$1http://www.wikidata.org/entity/Q1339$94766
=245  \\$aJauchzet Gott in allen Landen,$bBWV 51
=260  \\$aLeipzig$bZentralantiquariat der DDR$c1988
=300  \\$a2 volumes (6+[16] pages)$bmusic
=648  \0$a18th Century (1701-1800)$1http://www.wikidata.org/entity/Q7015$920899
=650  \0$aLute$1http://www.wikidata.org/entity/Q180733$93944
=650  \0$aCantata$1http://www.wikidata.org/entity/Q174873$921603
=651  \0$aGermany$1http://www.wikidata.org/entity/Q183$9155
=700  \\$4cmm$aSchulze, Hans-Joachim$d1934-$1http://www.wikidata.org/entity/Q92055$911725
=942  \\$cSCO
=952  \\$00$10$2ddc$40$6SCO_BACH1$70$8SCO$920419$aORPH$bORPH$cKTS1_P$d2020-07-08$eKoopman$i13E94$l0$oSCO BACH1$p20121938$r2021-07-15 00:00:00$w2021-07-15$ySCO
=999  \\$d20217

