=LDR  01147nam a22002777a 4500
=001  20221
=005  20250926134858.0
=008  210715e1968\\\\\\\||le|\||||\00|\0\eng\d
=040  \\$aMB
=041  \\$aeng
=059  \\$ahpd/pf
=100  \\$4cmp$aBach, Johann Sebastian$d1685-1750$1http://www.wikidata.org/entity/Q1339$94766
=245  \\$aTwo-and three-prat inventions
=260  \\$aNew York$bDover Publications$c1968
=300  \\$a[xii]-150 pages$bmusic
=336  \\$anotated music
=336  \\$aprinted
=648  \0$a18th Century (1701-1800)$1http://www.wikidata.org/entity/Q7015$920899
=650  \0$aLute$1http://www.wikidata.org/entity/Q180733$93944
=650  \0$aInvention$1http://www.wikidata.org/entity/Q14208553$921931
=650  \0$aSymphony$1http://www.wikidata.org/entity/Q9734$92527
=651  \0$aGermany$1http://www.wikidata.org/entity/Q183$9155
=700  \\$4win$aSimon, Eric$d1907-1994$1http://www.wikidata.org/entity/Q94816148$921951
=942  \\$cSCO
=952  \\$00$10$2ddc$40$6SCO_BACH1$70$8SCO$920423$aORPH$bORPH$cKTS1_P$d2020-07-08$eKoopman$i13D64$l0$oSCO BACH1$p20126078$r2021-07-15 00:00:00$w2021-07-15$ySCO
=999  \\$c20221$d20221

