=LDR  02093nam a22002537a 4500
=001  20222
=008  210715s1622\\\\\\\|||||\||||\00|\p\mul\d
=041  \\$adut$afre$aita$alat
=100  \\$4aut$aHuygens, Constantijn$d1596-1687$1http://www.wikidata.org/entity/Q560746$95174
=245  \\$aHarders-klachte
=246  \1$aThirsis op de doodt van sine Phyllis door Ysbraeck om-gekomen.
=300  \\$a[3] pages
=500  \\$aPoems in Dutch, Latin, French and Italian version, all written in 1620
=501  \\$aBound in with 'Kerkuraia mastix', 'Batava Tempe' and 'Groete aen de ioffrouwen'
=520  \\$aIn early January 1620, Maria van Mathenesse fell under the eyes of her fiancé, Jacob van Wassenaar, Lord of Warmond, near Leiden, through the ice and drowned. The English envoy Carleton describes this tragic event in a letter of 14 January 1620. On request from the same Carleton, Huygens writes, as mentioned to Daniel Heinsius, this sad four-part work Ter aóax vovvov (four tears). Huygens was inspired for this sad poem by the first idyll of Theocritus: 'Thirsis' lament for the death of Dafnis'. He probably knew Heinsius' edition of it. Perhaps that is the reason why Huygens is extra curious about Heinsius' opinion of these poems. The Haarlem priest Joan Albert Ban (1597–1644) composed emotive music for this poem.
=590  \\$aop den selven sin. In de welcke Thirsis vertoont dennHeere van Warmon, beclaghende het drouvich ongeval, sine Bruyd (wijlen dochter van den Heere van Matenes, Heere van Haserwoude) door Ys-braecke over-ghecomen
=648  \0$a17th Century (1601-1700)$1http://www.wikidata.org/entity/Q7016$920923
=650  \0$aPoetry$1http://www.wikidata.org/entity/Q482$93026
=650  \0$aLament$1http://www.wikidata.org/entity/Q1471717$922855
=651  \0$aNetherlands$1http://www.wikidata.org/entity/Q55$9173
=773  \\$03844$tKerkuraia mastix$w3844
=942  \\$cBOO
=952  \\$00$10$2ddc$40$6KTS_1_000000000000000_C1_20_16D13C$70$8RAR$920424$aORPH$bORPH$cKTS1_C1$d2020-07-08$eKoopman$l0$oKTS1 C1.20 16D13c$p20137014c$r2021-07-15 00:00:00$w2021-07-15$yBOO
=999  \\$d20222

