=LDR  01033nam a22002657a 4500
=001  20223
=005  20250926134858.0
=008  210715e1973\\\\\\\||ld|\||||\00|\0\ger\d
=040  \\$aMB
=041  \\$ager$aeng
=059  \\$aSATB bc
=100  \\$4cmp$aBach, Johann Sebastian$d1685-1750$1http://www.wikidata.org/entity/Q1339$94766
=245  \\$aHochzeitsquodlibet 1707
=260  \\$aLeipzig$bVEB Deutscher Verlag für Musik$c1973
=300  \\$a31 pages$bmusic
=336  \\$aprinted
=336  \\$anotated music
=500  \\$aBWV 524
=648  \0$a18th Century (1701-1800)$1http://www.wikidata.org/entity/Q7015$920899
=650  \0$aLute$1http://www.wikidata.org/entity/Q180733$93944
=651  \0$aGermany$1http://www.wikidata.org/entity/Q183$9155
=700  \\$4win$aNeumann, Werner$d1905-1991$1http://www.wikidata.org/entity/Q99260$921849
=942  \\$cSCO
=952  \\$00$10$2ddc$40$6SCO_BACH1$70$8SCO$920425$aORPH$bORPH$cKTS1_P$d2020-07-08$eKoopman$i14E41$l0$oSCO BACH1$p20124727$r2021-07-15 00:00:00$w2021-07-15$ySCO
=999  \\$c20223$d20223

