=LDR  01145nam a22002657a 4500
=001  20230
=005  20250926134858.0
=008  210716e1980\\\\\\\||le|\||||\00|\0\ger\d
=040  \\$aMB
=041  \\$ager
=059  \\$ahpd/pf
=100  \\$4cmp$aBach, Johann Sebastian$d1685-1750$1http://www.wikidata.org/entity/Q1339$94766
=245  \\$aEinige Canonische Veraenderungen über das Weynacht-lied: Vom Himmel Hoch da Komm ich Her
=260  \\$aNeu-Rum$bEdition Helbling$c1980
=300  \\$a[i]-[6] pages$bmusic
=336  \\$aprinted
=336  \\$anotated music
=648  \0$a18th Century (1701-1800)$1http://www.wikidata.org/entity/Q7015$920899
=650  \0$aLute$1http://www.wikidata.org/entity/Q180733$93944
=650  \0$aTheme and variations$1http://www.wikidata.org/entity/Q763324$92038
=651  \0$aGermany$1http://www.wikidata.org/entity/Q183$9155
=700  \\$4edt$aMelchersson, Ingemar$d-1946$1http://www.wikidata.org/entity/Q1662992$921954
=942  \\$cSCO
=952  \\$00$10$2ddc$40$6SCO_BACH1$70$8SCO$920433$aORPH$bORPH$cKTS1_P$d2020-07-08$eKoopman$i13F56$l0$oSCO BACH1$p20124341$r2021-07-16 00:00:00$w2021-07-16$ySCO
=999  \\$c20230$d20230

