=LDR  00388ncm a22001097a 4500
=001  20232
=008  210720b\\\\\\\\||||||||\||||\00|\0\###\d
=041  \\$afre
=245  \\$aChansonnotte
=942  \\$cSCO
=952  \\$00$10$2ddc$40$6KTS_1_000000000000000_C1_22_15B10AD$70$920436$aORPH$bORPH$cKTS1_C1$d2020-07-08$eKoopman$i15B10a-d$l0$oKTS1 C1.22 15B10a-d$p20137039$r2021-07-20 00:00:00$w2021-07-20$ySCO
=999  \\$d20232

