=LDR  01571nam a22001577a 4500
=001  20233
=008  210726s1755\\\\||||||||\||||\00|\0\dut\d
=100  \\$aVossius, Gerardus Joannes$d1577-1649$1http://www.wikidata.org/entity/Q785925$96738
=245  \\$aVossii De Artis Poeticae
=500  \\$aEx Libris Library of Marie Joeph Godefroy, Count of Montgrand (1822-1897), French historian and author. The house of Montgrand originated in the Vivarais region, France; it took its name from a large seigniorial land located in this province. Towards the end of the 17th century it came to settle in the Provence region.
=500  \\$aThe three books on poetics by Vossius (De artis poeticae natura ac constitutione liber, the Poeticarum institutionum libri tres, and the booklet De imitatione) here bound together, originally were all first published in 1647.
=505  \\$aDe artis poeticæ natura, ac constitutione / Poeticarum institutionum, libri tres / De imitatione cum oratoria, tum præcipue poetica deque recitatione veterum
=561  \\$aEx Libris Bibliothèque de Monsieur le Comte Godefroy de Montgrand (Plate)
Armorial: Upon a cloud, an escutcheon, charged with mountain peaks and a line of clouds , supported by two eagles rising, each facing to the side away, each crowned. The escutcheon likewise crowned. Motto on banner beneath escutcheon: Esperance (Hope)
=942  \\$cBOO
=952  \\$00$10$2ddc$40$6KTS_1_000000000000000_C1_23_15C16$70$8RAR$920441$aORPH$bORPH$cKTS1_C1$d2020-07-08$eKoopman$oKTS1 C1.23 15C16$p20137074$r2021-07-26 00:00:00$w2021-07-26$yBOO
=999  \\$c20233$d20233

