=LDR  01155ncc a22001097a 4500
=001  20234
=008  210727b\\\\\\\\||||||||\||||\00|\0\###\d
=245  \\$a[Collection of various pieces arranged for keyboard]
=505  \\$a I.er recueil de petits airs pour le clavecin ou piano forte / Six divertissements ou IIe suite de petits airs pour le pianoforte ou le clavecin / Airs choisis variés pour le clavecin ou forte piano op. 5 / Second recueil de six airs choisis variés pour le clavecin ou le forte piano ou la harpe… op.9 / Six airs choisis et variés, quatrieme recueil pour le clavecin ou forte piano, dont deux sont en duo op. 12 / Airs variés à quatre mains pour le clavecin ou forte piano op. 14 / Ouverture de la Frescatana et ariettes de la même pièce en simphonie pour le clavecin avec un violon ad-libitum / Ouverture de Zémire et Azor, de la Rosière, ariette de la dernière pièce, en simphonie pour le clavecin avec un violon ad-libitum
=942  \\$cSCO
=952  \\$00$10$2ddc$40$6KTS_1_000000000000000_C1_24_15H02AH$70$8RAR$920442$aORPH$bORPH$cKTS1_C1$d2020-07-08$eKoopman$oKTS1 C1.24 15H02a-h$p20137088$r2021-07-27 00:00:00$w2021-07-27$ySCO
=999  \\$d20234

