=LDR  03123nam a22003737a 4500
=001  20248
=008  210817t1995\\\\||||||||\||||\01|\0\ita\d
=100  \\$4dte$aMarzi, Giovanni$922037
=245  \\$aVarietà d'harmonia et d'affetto.$bScritti in onore di Giovanni Marzi per il LXX compleanno
=260  \\$aLucca$bLibreria Musicale Italiano$c1995
=300  \\$a263 pages
=490  \\$aStudi e testi musicali, Nuova serie$v5
=505  \\$gRilievi melodici e tendenze monodiche nei madrigali di Luca Marenzio / M. T. R. Barezzani -- Il parere di Salieri sull' Axur re d'Ormus / B. Brizi -- La sfoggio di mousike episteme in una singolare cinquecentina milanese: La Calipsychi di Tomaso Radini Tedeschi (1511) / M. Caraci Vela -- Tracce per flauto e arpa / H. R. Dominguez -- Gli strumenti musicali dell'opera teorica di Vincenzo Galilei / E. Ferrari Bassi -- Autori greci nelle biblioteche monastiche medievali / R. Gregoire -- Auto ho pokos - ho pokos he tautes metra: Schede per la storia dell'evoluzione di un topos omiletico-innografico mariano / F. F. Minetti -- Codici liturgico-musicale come documenti d'ambiente / G. Ropa -- Sangue sulla scena / G. Rosati -- Pratica di musica tra speculazione teorica ed erudizione tecnica: competenza musicale generale e didattica della composizione nella Musica di Juan Caramuel Lobkowitz / D. Sabaino -- Due nature morte di Giovan Battista Natali con strumenti musicali e fogli di musica / C. P. Tellini & A. Delfino -- Note all'ed. Hankey el Compendium di Riccobaldo / G. Zanella
=600  \0$aMarenzio, Luca$d1553-1599$1http://www.wikidata.org/entity/Q316532$921689
=600  \0$aGalilei, Vincenzo$d1520-1591$1http://www.wikidata.org/entity/Q313765$913493
=600  \0$aSalieri, Antonio$d1750-1825$1http://www.wikidata.org/entity/Q51088$96337
=648  \0$aClassical Antiquity (8th Century BC-6th Century AD)$1http://www.wikidata.org/entity/Q486761$921435
=648  \0$aMiddle Ages (500-1400)$1http://www.wikidata.org/entity/Q12554$920964
=648  \0$a16th Century (1501-1600)$1http://www.wikidata.org/entity/Q7017$920944
=648  \0$a18th Century (1701-1800)$1http://www.wikidata.org/entity/Q7015$920899
=650  \0$aMusic history$1http://www.wikidata.org/entity/Q846047$921373
=650  \0$aMadrigal$1http://www.wikidata.org/entity/Q193217$921649
=650  \0$aOpera$1http://www.wikidata.org/entity/Q1344 $92468
=650  \0$aMusic theory$1http://www.wikidata.org/entity/Q193544$92662
=650  \0$aOrganology$1http://www.wikidata.org/entity/Q899293$921400
=650  \0$aManuscript$1http://www.wikidata.org/entity/Q87167$92275
=650  \0$aMonastery$1http://www.wikidata.org/entity/Q44613$926216
=650  \0$aLibrary$1http://www.wikidata.org/entity/Q7075$94229
=651  \0$aItaly$1http://www.wikidata.org/entity/Q38$922
=651  \0$aVienna (Austria)$1http://www.wikidata.org/entity/Q1741$920937
=700  \\$4edt$aDelfino, Antonio$d-1958$914618
=942  \\$cBOO
=952  \\$00$10$2ddc$40$6REF_4_000000000000000_MARZ$70$8REF$920473$aORPH$bORPH$cKM12_1$d2020-07-08$eKoopman$i35E10$l0$oREF4 MARZ$p20122503$r2021-08-17 00:00:00$w2021-08-17$yBOO
=999  \\$d20248

