=LDR  00908nam a22002057a 4500
=001  20249
=008  210818s1717\\\\||||||||\||||\00|\p\dut\d
=041  \\$adut
=100  \\$4aut$aKraeyvanger, Everhard$922048
=245  \\$aDichtlievende lente
=260  \\$aAmsterdam$bVande Gaete$c1717
=300  \\$a104 pages
=501  \\$aBound in with Heijmen Dullaert's 'Gedichten'
=648  \0$a18th Century (1701-1800)$1http://www.wikidata.org/entity/Q7015$920899
=650  \0$aPoetry$1http://www.wikidata.org/entity/Q482$93026
=773  \\$03763$tGedichten$w3763
=856  \\$uhttps://books.google.be/books?id=wkhaAAAAcAAJ&dq=Dichtlievende%20lente%20Kraeyvanger&hl=nl&pg=PP9#v=onepage&q&f=false$3Google Books
=942  \\$cBOO
=952  \\$00$10$2ddc$40$6KTS_1_000000000000000_C1_26_16B19B$70$8RAR$920474$aORPH$bORPH$cKTS1_C1$d2020-07-08$eKoopman$l0$oKTS1 C1.26 16B19b$p20137170b$r2021-08-18 00:00:00$w2021-08-18$yBOO
=999  \\$d20249

