=LDR  00520nac a22001217a 4500
=001  20258
=008  210818b\\\\\\\\||||||||\||||\00|\0\###\d
=245  \\$a[P. Burman: voor de Comedie en Andere daartegen]
=561  \\$aEx libris H.J. de Soeten (plate)
=773  \\$tP. Burman: voor de Comedie en Andere daartegen$020258$w20258
=942  \\$cBOO
=952  \\$00$10$2ddc$40$6KTS_1_000000000000000_C1_26_16B22$70$8RAR$920487$aORPH$bORPH$cKTS1_C1$d2020-07-08$eKoopman$l0$oKTS1 C1.26 16B22$p20137174$r2021-08-18 00:00:00$w2021-08-18$yBOO
=999  \\$d20258

