=LDR  00935nam a22002177a 4500
=001  20259
=008  210819r16091983||||||||\||||\00|\0\lat\d
=041  \\$alat$ager
=100  \\$4aut$aAlsted, Johann Heinrich$d1588-1638$1http://www.wikidata.org/entity/Q454743$94834
=245  \\$aClavis artis lullianæ
=260  \\$aHildesheim$bOlms$c1983
=300  \\$a182 pages
=500  \\$aFacsimile reprint
=534  \\$cStrasbourg (Argentorati): Zetzner, 1609
=600  \0$aLlull, Ramon$d1232?-1316$1http://www.wikidata.org/entity/Q193660$922061
=648  \0$a17th Century (1601-1700)$1http://www.wikidata.org/entity/Q7016$920923
=650  \0$aLogic$1http://www.wikidata.org/entity/Q8078$922062
=650  \0$aPhilosophy$1http://www.wikidata.org/entity/Q5891$92357
=942  \\$cBOO
=952  \\$00$10$2ddc$40$6TRE_ALST$70$8TRE$920488$aORPH$bORPH$cKTS1_H$d2020-07-08$eKoopman$i13H11$l0$oTRE ALST$p20124978$r2021-08-19 00:00:00$w2021-08-19$yBOO
=999  \\$d20259

