=LDR  01223nam a22002297a 4500
=001  20262
=008  210830s1982\\\\||||||||\||||\00|\0dger\d
=041  \\$ager
=100  \\$4edt$aElders, Willem$921325
=245  \\$aMusica Antiqua pod patronatem UNESCO:$bActa scientifica
=260  \\$aBydgoszcz$bFilharmonia Pomorska im. Ignacego Paderewskiego w Bydgoszczy$c1982
=300  \\$a78 pages
=505  \\$aStruktur, Zahl und Symbol in den Kompositionen von Johannes Ockeghem / Jaap van Bethem -- Die Orgel von Winchester / Konrad Körte -- Die Orgel von Winchester: Wirklichkeit oder Symbol? / Kees Vellekoop
=600  \0$aOckeghem, Johannes$dc. 1410-1497$1http://www.wikidata.org/entity/Q143059$916500
=650  \0$aOrgan$1http://www.wikidata.org/entity/Q1444$92810
=651  \0$aWinchester (United Kingdom)$1http://www.wikidata.org/entity/Q172157$922094
=700  \\$4ctb$aKörte, Konrad$922093
=700  \\$4ctb$aVellekoop, Kees$d1940-2002$1http://www.wikidata.org/entity/Q16912253$914938
=700  \\$4ctb$aBenthem, Jaap van$916691
=942  \\$cBOO
=952  \\$00$10$2ddc$40$6REF_3_000000000000000_MUSI$70$8REF$920492$aORPH$bORPH$cKTS1_P$d2020-07-08$eKoopman$oREF3 MUSI$p20127925$r2021-08-30 00:00:00$w2021-08-30$yBOO
=999  \\$d20262

