=LDR  02129cam a22003371  4500
=001  20267
=005  20250120120931.0
=008  821209r19641618gw\a\\\\\\\\\\000\0\lat\\
=040  \\$aOI$beng
=041  \\$alat$ager
=100  \\$aMaier, Michael$d1568?-1622$4aut$1http://www.wikidata.org/entity/Q901303$922113
=245  10$aAtalanta fugiens,$bhoc est, Emblemata nova de secretis naturæ chymica
=246  3\$aAtalanta fugiens, hoc est, Emblemata nova de secretis naturæ chymica
=246  30$aEmblemata nova de secretis naturæ chymica
=260  \\$aOppenheimii :$bex typographia Hieronymi Galleri, sumptibus Joh. Theodori de Bry,$cMDC XVIII [1618]
=300  \\$a211-[3]-18 pages :$billus. ;$c20 x 17 cm.
=500  \\$aTitle within engraved border.
=500  \\$aLater published without music under title: Scrutinium chymicum.
=534  \\$cGaller & de Bry, Oppenheim, 1618
=590  \\$aAccommodata partim oculis & intellectui, figuris cupro incisis, adjectisque sententiis, epigrammatis & notis, partim auribus & recreationi animi plus minus 50 Fugis Musicalibus trium vocum, quarum duæ ad unam simplicem melodiam distichis canendis peraptam, correspondeant, non abs; singulari jucunditate videnda, legenda, meditanda, intelligenda, dijudicanda, canenda & audienda: Authore Michaele Majero Imperial. Consistorii Comite, Med. D. Eq ex.&c.
=648  \0$a17th Century (1601-1700)$1http://www.wikidata.org/entity/Q7016$920923
=650  \0$aAlchemy$1http://www.wikidata.org/entity/Q39689$922115
=650  \0$aHermeticism$1http://www.wikidata.org/entity/Q192933$94602
=650  \0$aEsotericism$1http://www.wikidata.org/entity/Q131505$925902
=650  \0$aFugue$1http://www.wikidata.org/entity/Q181014$93142
=651  \0$aGermany$1http://www.wikidata.org/entity/Q183$9155
=700  \\$aMerian, Matthäus$bder Ältere$d1563-1650$1http://www.wikidata.org/entity/Q57968$4ill$926844
=700  \\$4aft$aWüthrich, L. H.$922114
=942  \\$cBOO
=952  \\$00$10$2ddc$40$6TRE_MAIE$70$8TRE$920499$aORPH$bORPH$cKTS1_H$d2020-07-08$eKoopman$i14C48$l1$oTRE MAIE$p20126164$r2024-01-30 00:00:00$s2023-11-16$w2021-08-31$yBOO
=999  \\$d20267

