=LDR  02389nam a22002897a 4500
=001  20268
=008  210901r19881840\\\|||||\||||\00|\p\ger\d
=041  \\$ager
=100  \\$4aut$aLöhle, Franz$922123
=245  \\$aTheater-Catechismus$boder Humoristische Erläuterung verschiedener vorzüglich im Bühnenleben üblicher Fremdwörter
=260  \\$aMunich$bPiloty & Löhle$cc. 1840
=300  \\$a107 pages
=500  \\$aSome of the illustrations represent historical performers, such as the ballet dancers Fanny Elsler and Franz Opfermann, the actors Ferdinand Raimund, Constanze Dahn, Ferdinand Esslair and August Heigel, the opera singers Car. Hetznecker and M. Haertingen (in Norma)
=505  \\$aEinleitung -- Agiren -- Akte -- Applaus -- Benefice-Vorstellung -- Bureau -- Bonhomme -- Bon-mot -- Bon-ton -- Caprice -- Cabale -- Carricatur -- Charakteristik -- Cour-machen -- Critik -- Claqueur -- Da-capo -- Debut -- Declamation -- Dilettanten -- Effecte -- Enthusiasmus und Exstase -- Epigramm -- Fama -- Fatum -- Finanzen -- Furore-machen -- Fiasco-machen -- Gastiren -- Genie -- Grazie -- Hagestolz -- Humor -- Ideale -- Komik -- Komödie -- Liaison -- Libretto -- Luxus -- Mode -- Musik -- Naturalist -- Ouverture -- Oper -- Prosa -- Perspektive -- Quodlibet -- Recension -- Redoute -- Satyre -- Symphonie -- Sympathie -- Theater -- Temperamente -- Ultra -- Utopien -- Vampyr -- Virtuos -- Walhalla -- Xanthippe -- Zwischen- oder Entre-Akte -- Scheidegruss
=534  \\$aThe various entries originally appeared in the Conversationsblatte of the Bayerische Volksfreund
=590  \\$aEine Toilettengabe für Freundinnen des Theaters
=600  \0$aDonizetti, Gaetano$d1797-1848$1http://www.wikidata.org/entity/Q101698$96715
=648  \0$a19th Century (1801-1900)$1http://www.wikidata.org/entity/Q6955$920935
=650  \0$aTheater history$1http://www.wikidata.org/entity/Q1061140$94607
=650  \0$aStaging$1http://www.wikidata.org/entity/Q3508687$922118
=650  \0$aPoetry$1http://www.wikidata.org/entity/Q482$93026
=650  \0$aSatire$1http://www.wikidata.org/entity/Q128758$921636
=651  \0$aGermany$1http://www.wikidata.org/entity/Q183$9155
=700  \\$4ill$aSeitz, Franz$922124
=942  \\$cBOO
=952  \\$00$10$2ddc$40$6LIT_LOHL_A$70$8LIT$920507$aORPH$bORPH$cKM12_2_H$d2020-07-08$eKoopman$i13A12$oLIT LOHL a$p20126055$r2021-09-01 00:00:00$w2021-09-01$yBOO
=999  \\$d20268

