=LDR  00700nam a22001457a 4500
=001  20269
=008  210902s1984\\\\||||||||\||||\10|\0\ger\d
=100  \\$4edt$aThom, Eitelfriedrich$920417
=245  \\$aZur Entwicklung der instrumentalen Kammermuzik in der 1. Hälfte des 18. Jahrhunderts.$bKonferenzbericht der XI. Wissenschaftlichen Arbeitstagung 1983
=260  \\$aBlankenburg/Harz$c1984
=300  \\$a92 pages
=490  \\$aStudien zur Aufführungspraxis und Interpretation von Instrumentalmusik des 18. Jahrhunderts$v22
=942  \\$cBOO
=952  \\$00$10$2ddc$40$6GEN_12_000000000000000$70$8GHM$920511$aORPH$bORPH$cKM12_1$d2020-07-08$eKoopman$l0$oGEN 12$p20134101$r2021-09-02 00:00:00$w2021-09-02$yBOO
=999  \\$d20269

