=LDR  00656nam a22001337a 4500
=001  20270
=008  210902s1984\\\\||||||||\||||\10|\0\ger\d
=100  \\$4edt$aThom, Eitelfriedrich$920417
=245  \\$aDie Entwicklung des Solokonzertes im 18. Jahrhundert$bKonferenzbericht der X. Wissenschaftlichen Arbeitstagung 1982
=260  \\$aBlankenburg/Harz$c1984
=490  \\$a Studien zur Aufführungspraxis und Interpretation von Instrumentalmusik des 18. Jahrhunderts$v20
=942  \\$cBOO
=952  \\$00$10$2ddc$40$6GEN_13_000000000000000$70$8GHM$920512$aORPH$bORPH$cKM12_1$d2020-07-08$eKoopman$iTS Mich 57.26$l0$oGEN 13$p20134102$r2021-09-02 00:00:00$w2021-09-02$yBOO
=999  \\$d20270

