=LDR  00733nam a22001457a 4500
=001  20275
=008  210902s1981\\\\||||||||\||||\10|\0\ger\d
=100  \\$4edt$aThom, Eitelfriedrich$920417
=245  \\$aDie Einflüsse einzelner Interpreten und Komponisten des 18. Jahrhunderts auf das Musikleben ihrer Zeit$bKonferenzbericht der VIII. Wissenschaftlichen Arbeitstagung 1980
=260  \\$aBlankenburg/Harz$c1981
=300  \\$a99 pages
=490  \\$aStudien zur Aufführungspraxis und Interpretation von Instrumentalmusik des 18. Jahrhunderts$v13
=942  \\$cBOO
=952  \\$00$10$2ddc$40$6GHM_5_000000000000000$70$8GHM$920517$aORPH$bORPH$cKM12_1$d2020-07-08$eKoopman$iTS MichSt. St.$l0$oGHM 5$p20134106$r2021-09-02 00:00:00$w2021-09-02$yBOO
=999  \\$d20275

