=LDR  00768nam a22001457a 4500
=001  20277
=008  210902s1985\\\\||||||||\||||\10|\0\ger\d
=100  \\$4edt
=245  \\$aZur Aufführungspraxis und Interpretation der Musik von Johann Sebastian Bach und Georg Friedrich Händel. Georg Friedrich Händel - ein Beitrag zum 300. Geburtstag - $bKonferenzbericht der XII. Wissenschaftlichen Arbeitstagung 1984
=260  \\$aBlankenburg/Michaelstein$c1085
=300  \\$a62 pages
=490  \\$aStudien zur Aufführungspraxis und Interpretation von Instrumentalmusik des 18. Jahrhunderts$v26
=942  \\$cBOO
=952  \\$00$10$2ddc$40$6MTP_2_000000000000000_THOM$70$8MTP$920519$aORPH$bORPH$cKM12_1$d2020-07-08$eKoopman$l0$oMTP2 THOM$p20134108$r2021-09-02 00:00:00$w2021-09-02$yBOO
=999  \\$d20277

