=LDR  00940nam a22001817a 4500
=001  20278
=008  210902s1996\\\\||||||||\||||\00|\0\fre\d
=245  \\$aAgostino Agazzari - Francesco Bianciardi. Oeuvres théoriques complètes.$bTexte original intégral. Introduction, traduction et notes par Jean-Philippe Navarre
=260  \\$aParis$bcerf$c1996
=300  \\$a95 pages
=490  \\$aAMICUS Renaissance et période préclassique, Domaine Italien$v1
=700  \\$4trl$aNavarre, Jean-Philippe$921158
=700  \\$4win$aNavarre, Jean-Philippe$921158
=700  \\$4aut$aAgazzari, Agostino$d1578-1640$1http://www.wikidata.org/entity/Q395563$921423
=700  \\$4aut$aBianciardi, Francesco$d1570-1607$1http://www.wikidata.org/entity/Q3749629$922125
=942  \\$cBOO
=952  \\$00$10$2ddc$40$6MTP_2_000000000000000_NAVA$70$8MTP$920520$aORPH$bORPH$cKM12_1$d2020-07-08$eKoopman$i13E88$l0$oMTP2 NAVA$p20121944$r2021-09-02 00:00:00$w2021-09-02$yBOO
=999  \\$d20278

