=LDR  00987nam a2200241   4500
=001  20279
=005  20250926134858.0
=008  210906e1988\\\\|||||pe|\||||\00|\0\fre\d
=040  \\$aMB
=041  \\$afre
=059  \\$apf/org
=100  \\$aBach, Johann Sebastian$d1685-1750$1http://www.wikidata.org/entity/Q1339$94766
=245  \\$aKlavierbüchlein für Anna Magdalena Bach 1725
=260  \\$aKassel$bBärenreiter$c1988
=300  \\$a126+[3]+22 pages$bprinted
=336  \\$anotated music
=648  \0$a18th Century (1701-1800)$1http://www.wikidata.org/entity/Q7015$920899
=650  \0$aLute$1http://www.wikidata.org/entity/Q180733$93944
=650  \0$aBaroque$1http://www.wikidata.org/entity/Q37853$921255
=700  \\$4edt$aDadelsen, Georg von$d1918-2007$1http://www.wikidata.org/entity/Q1506567$915030
=942  \\$cSCO
=952  \\$00$10$2ddc$40$6SCO_BACH1$70$8SCO$920522$aORPH$bORPH$cKTS1_P$d2020-07-08$eKoopman$i14C18$oSCO BACH1$p20126204$r2021-09-06 00:00:00$w2021-09-06$ySCO
=999  \\$d20279

