=LDR  01127nam a22002537a 4500
=001  20281
=005  20250926134858.0
=008  210906e1980\\\\|||||le|\||||\00|\0\ger\d
=040  \\$aMB
=041  \\$ager$aeng$afre
=059  \\$a2cimb str fl
=100  \\$4aut$aBach, Johann Sebastian$d1685-1750$1http://www.wikidata.org/entity/Q1339$94766
=245  \\$aKonzert c-Moll für zwei Cembali und Streichorchester BWV 1062, Sonata A-Dur für Flöte und Cembalo BWV 1032
=260  \\$aBasel$bBärenreiter$c1980
=300  \\$axxvi-36 pages$bprinted
=336  \\$anotated music
=648  \0$a18th Century (1701-1800)$1http://www.wikidata.org/entity/Q7015$920899
=650  \0$aLute$1http://www.wikidata.org/entity/Q180733$93944
=650  \0$aBaroque$1http://www.wikidata.org/entity/Q37853$921255
=651  \0$aGermany$1http://www.wikidata.org/entity/Q183$9155
=700  \\$4edt$aSchulze, Hans-Joachim$d1934-$1http://www.wikidata.org/entity/Q92055$911725
=942  \\$cSCO
=952  \\$00$10$2ddc$40$6SCO_BACH1$70$920524$aORPH$bORPH$cKTS1_P$d2020-07-08$eKoopman$iBE105$l0$oSCO BACH1$p20121928$r2021-09-06 00:00:00$w2021-09-06$ySCO
=999  \\$d20281

