=LDR  01131nam a22002537a 4500
=001  20282
=005  20250926134858.0
=008  210906e1972\\\\|||g|le|\||||\00|\\\ger\d
=040  \\$aMB
=041  \\$ager$aeng
=059  \\$acimb str
=100  \\$4aut$aBach, Johann Sebastian$d1685-1750$1http://www.wikidata.org/entity/Q1339$94766
=245  \\$aKonzert D-Dur für Cembalo und Streichorchester BWV 1054
=260  \\$aLeipzig$bVEB Deutscher Verlag für Musik$c1972
=300  \\$a[viii]-12 pages$bprinted
=336  \\$anotated music
=490  \\$aFaksimile-reihe Bachscher Werke und Schritstücke Herausgegeben vom Bach-Archiv Leipzig$vBand 11
=648  \0$a18th Century (1701-1800)$1http://www.wikidata.org/entity/Q7015$920899
=650  \0$aLute$1http://www.wikidata.org/entity/Q180733$93944
=651  \0$aGermany$1http://www.wikidata.org/entity/Q183$9155
=700  \\$4edt$aSchulze, Hans-Joachim$d1934-$1http://www.wikidata.org/entity/Q92055$911725
=942  \\$cSCO
=952  \\$00$10$2ddc$40$6SCO_BACH1$70$920525$aORPH$bORPH$cKTS1_P$d2020-07-08$eKoopman$i14E43$l0$oSCO BACH1$p20124707$r2021-09-06 00:00:00$w2021-09-06$ySCO
=999  \\$d20282

