=LDR  01024nam a22002657a 4500
=001  20283
=005  20250926134858.0
=008  210906e1985\\\\|||||ld|\||||\00|\0\ger\d
=040  \\$aMB
=041  \\$ager
=059  \\$av vn va bc
=100  \\$4cmp$aBach, Johann Sebastian$d1685-1750$1http://www.wikidata.org/entity/Q1339$94766
=245  \\$aMesse A-dur BWV 234
=260  \\$aWiesbaden$bBreitkopf & Härtel$c1985
=300  \\$axxi-[36] pages$bprinted
=336  \\$anotated music
=648  \0$a18th Century (1701-1800)$1http://www.wikidata.org/entity/Q7015$920899
=650  \0$aLute$1http://www.wikidata.org/entity/Q180733$93944
=650  \0$aBaroque$1http://www.wikidata.org/entity/Q37853$921255
=651  \0$aGermany$1http://www.wikidata.org/entity/Q183$9155
=700  \\$4edt$aBill, Oswald$99626
=700  \\$4edt$aHäfner, Klaus$911354
=942  \\$cSCO
=952  \\$00$10$2ddc$40$6SCO_BACH1$70$920528$aORPH$bORPH$cKTS1_P$d2020-07-08$eKoopman$i12D03$l0$oSCO BACH1$p20134111$r2021-09-06 00:00:00$w2021-09-06$ySCO
=999  \\$d20283

