=LDR  00363nam a22000977a 4500
=001  20284
=008  210907b\\\\\\\\||||||||\||||\00|\0\###\d
=245  \\$aOvid Opera Omnia
=942  \\$cBOO
=952  \\$00$10$2ddc$40$6KTS_1_000000000000000_C1_30_09E17AD$70$920534$aORPH$bORPH$d2020-07-08$eKoopman$i09E17a-d$l0$oKTS1 C1.30 09E17a-d$p20137250$r2021-09-07 00:00:00$w2021-09-07$yBOO
=999  \\$d20284

