=LDR  01569cam a2200277u  4500
=001  20303
=005  20250121142133.0
=008  810427r19741742ne\\\\\\\\\\\\000\p\ger\\
=040  \\$aOI
=041  \\$ager
=245  00$aAusbund, das ist: Etliche schöne christliche Lieder
=250  \\$aAusbund 1742
=260  \\$aAmsterdam$bKnuf$c1974
=300  \\$a812-[6]-20-46 pages$c16 cm.
=490  \\$aMennonite Songbooks American Series$v1
=501  \\$aConfessio, oder Bekantnuß – Ein wahrhafftiger Bericht, von den Brüdern im Schweitzerland, in dem Zürcher Gebiet, wegen der Trübsalen welche über sie ergangen seyn, um des Evangeliums willen; von dem 1635sten bis in das 1645ste Jahr
=590  \\$aWie sie in dem Gefängnis zu Bassau in dem Schloß von den Schweitzer-Brüdern, und von anderen rechtgläubigen Christen hin, und her gedichtet worden. Allen und jeden Christen welcher Religion sie seyen, unpartheisch fast nützlich
=610  \0$aMennonite Church$1http://www.wikidata.org/entity/Q110223$927226
=648  \0$a17th Century (1601-1700)$1http://www.wikidata.org/entity/Q7016$920923
=648  \0$a18th Century (1701-1800)$1http://www.wikidata.org/entity/Q7015$920899
=650  \0$aPoetry$1http://www.wikidata.org/entity/Q482$93026
=650  \0$aHymn$1http://www.wikidata.org/entity/Q484692$921333
=651  \0$aSwitzerland$1http://www.wikidata.org/entity/Q39$920954
=942  \\$cBOO
=952  \\$00$10$2ddc$40$6LIT_AUSB_A$70$8LIT$920557$aORPH$bORPH$cKM12_2_H$d2020-07-08$eKoopman$i13K16$oLIT AUSB a$p20127111$r2021-09-08 00:00:00$w2021-09-08$yBOO
=999  \\$d20303

