=LDR  00951nam a22002057a 4500
=001  20305
=008  210908r\\\\1564\\\|||||\||||\00|\p\ger\d
=041  \\$ager
=245  \\$aEtliche schöne christliche Geseng,$bwie sie in der Gefengniß zu Passaw im Schloß von den Schweitzer Brüdern durch Gottes gnad gericht und gesungen worden
=246  \1$aAusbund 1564
=260  \\$aAmsterdam$bKnuf$c19xx
=300  \\$a122 pages
=490  \\$aMennonite Songbooks: German Series$v1
=500  \\$aNo notated music, but indication of tunes
=610  \0$aMennonite Church$1http://www.wikidata.org/entity/Q110223$927226
=648  \0$a16th Century (1501-1600)$1http://www.wikidata.org/entity/Q7017$920944
=651  \0$aPassau (Germany)$1http://www.wikidata.org/entity/Q4190$922171
=942  \\$cBOO
=952  \\$00$10$2ddc$40$6LIT_AUSB_A$70$8LIT$920559$aORPH$bORPH$cKM12_2_H$d2020-07-08$eKoopman$i13K17$l0$oLIT AUSB a$p20127110$r2021-09-08 00:00:00$w2021-09-08$yBOO
=999  \\$d20305

