=LDR  01137nam a22002417a 4500
=001  20306
=008  210908r19961756\\\|||||\||||\00|\d\fre\d
=041  \\$afre
=059  \\$av
=245  \\$aNicaise,$bopéra-comique en un acte
=260  \\$a[Béziers]$bSociété de musicologie de Languedoc$c1996
=300  \\$a72 pages
=336  \\$anotated music
=590  \\$aReprésenté sur le Théâtre de l'Opéra-Comique, à la Foire S. Germain le 7 Février 1756
=610  \0$aThéâtre de la Foire Saint-Germain (Paris, France)$1http://www.wikidata.org/entity/Q662072$922172
=648  \0$a18th Century (1701-1800)$1http://www.wikidata.org/entity/Q7015$920899
=650  \0$aOpera$1http://www.wikidata.org/entity/Q1344$92468
=650  \0$aLibretto$1http://www.wikidata.org/entity/Q131084$94031
=856  \\$uhttps://www.loc.gov/resource/musschatz.21170.0$3Library of Congress
=856  \\$uhttps://www.loc.gov/item/2011477089/manifest.json$3IIIF manifest
=942  \\$cBOO
=952  \\$00$10$2ddc$40$6LIT_NICA_A$70$8LIT$920560$aORPH$bORPH$cKM12_2_H$d2020-07-08$eKoopman$i13A05$l0$oLIT NICA a$p20126063$r2021-09-08 00:00:00$w2021-09-08$yBOO
=999  \\$d20306

