=LDR  00856nam a22002057a 4500
=001  20323
=008  210915r19861678||||||||\||||\00|\p\dut\d
=041  \\$adut
=100  \\$4aut$aFocquenbroch, Willem Godschalk van$d1640-1670$1http://www.wikidata.org/entity/Q729876$97497
=245  \\$aAfrikaense Thalia
=260  \\$aDeventer$bSub Rosa$c1986
=300  \\$a218 pages
=490  \\$aFacsimile-Edities der Lage Landen$v5
=648  \0$a17th Century (1601-1700)$1http://www.wikidata.org/entity/Q7016$920923
=650  \0$aPoetry$1http://www.wikidata.org/entity/Q482$93026
=651  \0$aNetherlands$1http://www.wikidata.org/entity/Q55$9173
=700  \\$4edt$aHelwig, Jan$922216
=942  \\$cBOO
=952  \\$00$10$2ddc$40$6LIT_FOCQ_A$70$8LIT$920588$aORPH$bORPH$cKM12_2_H$d2020-07-08$eKoopman$i13B38$l0$oLIT FOCQ a$p20124474$r2021-09-15 00:00:00$w2021-09-15$yBOO
=999  \\$d20323

