=LDR  00708nam a22001697a 4500
=001  20324
=008  210915r19821637||||||||\||||\00|\j\dut\d
=041  \\$adut
=100  \\$4edt$aVerkuyl, P. E. L.$99826
=245  \\$aInleydinghe tot het ontwerp van een Batavische Arcadia
=260  \\$aDeventer$bSub Rosa$c1982
=648  \0$a17th Century (1601-1700)$1http://www.wikidata.org/entity/Q7016$920923
=650  \0$aLiterature$1http://www.wikidata.org/entity/Q8242$94439
=651  \0$aNetherlands$1http://www.wikidata.org/entity/Q55$9173
=942  \\$cBOO
=952  \\$00$10$2ddc$40$6LIT_BATA_A$70$8LIT$920589$aORPH$bORPH$cKM12_2_H$d2020-07-08$eKoopman$i13B37$oLIT BATA a$p20124475$r2021-09-15 00:00:00$w2021-09-15$yBOO
=999  \\$d20324

