=LDR  01115nam a22002057a 4500
=001  20333
=008  210920r19971598|||f||||\||||\00|\0\dut\d
=041  \\$adut
=100  \\$4aut$aVeer, Gerrit de$d157?-after 1598$1http://www.wikidata.org/entity/Q982932$915212
=245  \\$aWaerachtighe Beschrijvinghe van drie Seylagien$bter werelt noyt soo vreemt ghehoort
=260  \\$aFraneker$bVan Wijnen$c1997
=500  \\$aFacsimile, published in an edition of 500 copies
=534  \\$cAmsterdam: Claesz, 1598
=590  \\$adrie jaeren achter malcanderen deur de Hollandtsche ende Zeelandtsche schepen by noorden Noorweghen, Moscovia ende Tartaria, na de Coninckrijken van Catthay ende China ... deur Gerrit de Veer van Amstelredam
=648  \0$a16th Century (1501-1600)$1http://www.wikidata.org/entity/Q7017$920944
=650  \0$aHistory$1http://www.wikidata.org/entity/Q309$921403
=651  \0$aNetherlands$1http://www.wikidata.org/entity/Q55$9173
=942  \\$cBOO
=952  \\$00$10$2ddc$40$6HUM_VEER$70$8HUM$920612$aORPH$bORPH$cKM12_1$d2020-07-08$eKoopman$i13I45$oHUM VEER$p20126422$r2021-09-20 00:00:00$w2021-09-20$yBOO
=999  \\$d20333

