=LDR  00956nam a2200241 a 4500
=001  20336
=008  851119s1985\\\\ne\\\\\|r\\\\|000\||dut|d
=020  \\$a907059112X
=040  \\$aAP
=041  \\$adut
=100  \\$4edt$aKeersmaekers, August Albert$d1920-2009$911959
=245  00$aApollo of Ghesangh der Musen
=260  \\$aDeventer$bSub Rosa$c1985
=300  \\$axiv-138 pages
=490  0\$aFacsimile-Edities der Lage Landen$v4
=534  \\$aApollo of Ghesangh Der Musen$cAmsterdam, Dirck Pietersz, 1615
=648  \0$a17th Century (1601-1700)$1http://www.wikidata.org/entity/Q7016$920923
=650  \0$aPoetry$1http://www.wikidata.org/entity/Q482$93026
=651  \0$aNetherlands$1http://www.wikidata.org/entity/Q55$9173
=700  1\$aBostoen, Karel Johan Stephan$4ctb
=942  \\$cBOO
=952  \\$00$10$2ddc$40$6LIT_KEER_A$70$8LIT$920621$aORPH$bORPH$cKM12_2_H$d2020-07-08$eKoopman$i13J15$oLIT KEER a$p20127092$r2021-09-20 00:00:00$w2021-09-20$yBOO
=999  \\$d20336

