=LDR  02813aca a2200337   4500
=001  20341
=005  20250923161051.0
=008  210920s1801\\\\|||||ae|\||||\00|\0\eng\d
=041  \\$aeng
=059  \\$a2vn vc db hpd org
=100  \\$aCorelli, Arcangelo$d1653-1713$4cmp$1http://www.wikidata.org/entity/Q164475$95351
=245  \\$a12 Sonatas for 2 Violins and Violoncello with a Thorough Bass, for the Organ or Harpsichord$bop. 4
=260  \\$aLondon$bWright$c1801
=300  \\$a13-13-13-13 pages
=500  \\$aError in 1801 Wright Edition: Title pages in this convolute mention all editions of the Sonatas as Op. 1,  but actually it is a binding of all of Corelli's Sonate da Chiesa and da camera, Opp. 1, 2, 3, and 4, originally published in Rome between 1681 and 1694.
=500  \\$aThe different part books of this convolute contain each a beautiful golden a coat of arms on the back cover, including the heraldic motto "Finem Respice" (Consider the End). The 1st violin part (07E23b) contains a beautiful engraved portrait of Corelli (Arcangelus Corellius) designed by H. Howard and engraved by Vander Gucht.
=501  \\$aBound in with 12 Great Concertos (12 concerti grossi, Amsterdam 1714), op. 6 
=505  \\$g07E23a: organ / 07E23b: 1st violin / 07E23c: 2nd violin / 07E23d: violoncello
=534  \\$a12 Sonate da Camera, op.4$cRome: Gio. Giacomo Komarek, 1694$ohttps://imslp.org/wiki/12_Trio_Sonatas%2C_Op.4_(Corelli%2C_Arcangelo)
=563  \\$aThe different part books of this convolute contain each a beautiful golden a coat of arms on the back cover, including the heraldic motto "Finem Respice" (Consider the End).
=648  \0$a17th Century (1601-1700)$1http://www.wikidata.org/entity/Q7016$920923
=648  \0$a19th Century (1801-1900)$1http://www.wikidata.org/entity/Q6955$920935
=650  \0$aTrio sonata$1http://www.wikidata.org/entity/Q903425$921654
=651  \0$aRome (Italy)$1http://www.wikidata.org/entity/Q220$949
=942  \\$cSCO
=952  \\$00$10$2ddc$40$6KTS_1_000000000000000_C1_33_07E23A$70$8RAR$91609$aORPH$bORPH$cKTS1_C1$d2020-07-08$eKoopman$i 07E23a$oKTS1 C1.33 07E23a$p20134126$r2021-01-12 00:00:00$w2021-01-12$ySCO
=952  \\$00$10$2ddc$40$6KTS_1_000000000000000_C1_33_07E23B$70$8RAR$920618$aORPH$bORPH$cKTS1_C1$d2020-07-08$eKoopman$i 07E23b$l0$oKTS1 C1.33 07E23b$p20134127$r2021-09-20 00:00:00$w2021-01-12$ySCO
=952  \\$00$10$2ddc$40$6KTS_1_000000000000000_C1_33_07E23C$70$8RAR$920619$aORPH$bORPH$cKTS1_C1$d2020-07-08$eKoopman$i07E23c$oKTS1 C1.33 07E23c$p20134128$r2021-09-20 00:00:00$w2021-01-12$ySCO
=952  \\$00$10$2ddc$40$6KTS_1_000000000000000_C1_33_07E23D$70$8RAR$920620$aORPH$bORPH$cKTS1_C1$d2020-07-08$eKoopman$i07E23d$l0$oKTS1 C1.33 07E23d$p20134129$r2021-09-20 00:00:00$w2021-01-12$ySCO
=999  \\$d20341
=533  \\$aDigitized by iGuana, Spring 2025.

