=LDR  01831cam a22002174a 4500
=001  20342
=008  210921s2011\\\\\\\|||||\||||\00|\0deng\d
=010  \\$a 
=020  \\$a9781107004283
=041  \\$aeng
=100  \\$aRose, Stephen$4aut$922246
=245  14$aThe Musician in Literature in the Age of Bach
=260  \\$aCambridge$bCambridge University Press$c2011
=300  \\$aix-237 pages
=520  \\$a"Using novels and autobiographies from Bach's Germany, Stephen Rose suggests new ways of interpreting the lives and social status of musicians. The study focuses on satirical novels written by musicians that describe the lives of performers and composers, as well as the autobiographies of Bach's contemporaries. These narratives represent musicians variously as picaresque outcasts, honourable craft-workers, foolish bunglers and respected virtuosos. They probe the lives of musicians considered taboo or aberrant in the period, such as street entertainers and Italian castratos. The novels and autobiographies also reveal two major debates that shaped the mindset and social identity of musicians: was music a sensual or rational craft, and should musicians integrate within society or be regarded as outsiders? Quoting from an array of little-known novels, this book shows how an interdisciplinary approach can transform our understanding of Bach and his contemporaries"$cProvided by publisher.
=648  \0$a18th Century (1701-1800)$1http://www.wikidata.org/entity/Q7015$920899
=650  \0$aLiterature$1http://www.wikidata.org/entity/Q8242$94439
=856  \\$uhttp://assets.cambridge.org/97811070/04283/cover/9781107004283.jpg$3cover image
=942  \\$cBOO
=952  \\$00$10$2ddc$40$6LIT_ROSE_B$70$8LIT$920628$aORPH$bORPH$cKM12_1$d2020-07-08$eKoopman$i43A22$oLIT ROSE b$p20127259$r2021-09-20 00:00:00$w2021-09-20$yBOO
=999  \\$d20342

