=LDR  00978cam a22002171  4500
=001  20345
=008  \\\\\\r19571555gw\ahgf\\\\\\\000\0\spa\c
=041  0\$aspa
=100  \\$aBermudo, Juan$d1510-1565$4aut$1http://www.wikidata.org/entity/Q615523$921539
=245  10$aDeclaración de Instrumentos musicales
=260  \\$aKassel$bBärenreiter-Verlag$c1957
=500  \\$aFacsimile
=500  \\$aText in Spanish, title page and epilogue in German
=650  \0$aPlucked string instrument$1http://www.wikidata.org/entity/Q230262$921883
=650  \0$aMusic theory$1http://www.wikidata.org/entity/Q193544$92662
=650  \0$aNotation$1http://www.wikidata.org/entity/Q233861$91964
=650  \0$aTablature$1http://www.wikidata.org/entity/Q143217$93722
=651  \0$aSpain$1http://www.wikidata.org/entity/Q29$920983
=942  \\$cBOO
=952  \\$00$10$2ddc$40$6INS_1A$70$8INS$920633$aORPH$bORPH$cKTS0$d2020-07-08$eKoopman$i14Fb2$l0$oINS1a$p20124850$r2021-09-21 00:00:00$w2021-09-21$yBOO
=999  \\$d20345

