=LDR  01098nam a22002057a 4500
=001  20346
=008  210922r19431520|||a||||\||||\00|\1\dut\d
=041  \\$adut
=245  \\$aUlenspieghel:$bvan Ulenspieghels leven ende schimpelijcke wercken, ende wonderlijcke avontueren, die hi hadde, want hi en liet hem gheen boeverie verdrieten
=260  \\$aUtrecht$bDe Haan$c1943
=300  \\$a80-[8] pages
=500  \\$aUncut volume
=590  \\$aNaar het facsimile van den eersten Nederlandschen druk van Michiel Hillen van Hoochstraten te Antwerpen uit 1520, verlucht met illustraties naar de oorspronkelijke houtsneden en ingeleid door D. Th. Enklaar
=648  \0$a16th Century (1501-1600)$1http://www.wikidata.org/entity/Q7017$920944
=650  \0$aLiterature$1http://www.wikidata.org/entity/Q8242$94439
=651  \0$aFlanders (Belgium)$1http://www.wikidata.org/entity/Q234$989
=700  \\$4win$aEnklaar, D. Th.$922260
=942  \\$cBOO
=952  \\$00$10$2ddc$40$6LIT_ULEN_A$70$8LIT$920634$aORPH$bORPH$cKM12_2_H$d2020-07-08$eKoopman$i13A10$l0$oLIT ULEN a$p20126057$r2021-09-22 00:00:00$w2021-09-22$yBOO
=999  \\$d20346

