=LDR  01304nam a2200265u  4500
=001  20350
=005  20250121142133.0
=008  840426r19771712xx\f\\\\\\\\\\000\p\dut\\
=040  \\$aOI
=050  00$aBS552$b.L8
=100  \\$aLuiken, Jan$d1649-1712$4aut$1http://www.wikidata.org/entity/Q87466$95171
=245  03$aDe Schriftuurlyke geschiedenissen en gelykenissen, $bvan het Oude en Nieuwe Verbond
=260  \\$aGroningen$cForesta$b1977
=300  \\$a680 pages
=534  \\$cAmsterdam: Arentz & vander Sys, 1712
=590  \\$aVertoonende drie honderd zeven en dertig Konstige Figuuren. Verrykt met Bybelse Verklaaringen en Stichtelyke Verzen, door Joannes Luiken. Met het Leven van den Dichter
=648  \0$a18th Century (1701-1800)$1http://www.wikidata.org/entity/Q7015$920899
=650  \0$aBible$1http://www.wikidata.org/entity/Q1845$921581
=650  \0$aEmblem$1http://www.wikidata.org/entity/Q112110$93250
=650  \0$aPoetry$1http://www.wikidata.org/entity/Q482$93026
=650  \0$aBiography$1http://www.wikidata.org/entity/Q36279$91927
=651  \0$aNetherlands$1http://www.wikidata.org/entity/Q55$9173
=942  \\$cBOO
=952  \\$00$10$2ddc$40$6LIT_KUIK_A$70$8LIT$920638$aORPH$bORPH$cKM12_2_H$d2020-07-08$eKoopman$i14K16$l0$oLIT KUIK a$p20124857$r2021-09-22 00:00:00$w2021-09-22$yBOO
=999  \\$d20350

