=LDR  01223aam a2200241   4500
=001  20352
=005  20250930121829.0
=008  210923m19821985\\\agh||\||||\00|\0dger\d
=041  \\$ager
=100  \\$4aut$aKoch, Klaus-Peter$912084
=245  \\$aDie Polnische und Hanakische Musik in Telemanns Werk
=260  \\$aMagdeburg$bZentrum für Telemann-Pflege und Forschung$c1982; 1985
=300  \\$a2 volumes (56+88 pages)
=490  \\$aMagdeburger Telemann-Studien$v6; 8
=600  \0$aTelemann, Georg Philipp$d1681-1767$1http://www.wikidata.org/entity/Q75854$99287
=648  \0$a18th Century (1701-1800)$1http://www.wikidata.org/entity/Q7015$920899
=650  \0$aComposer$1http://www.wikidata.org/entity/Q36834$93625
=651  \0$aGermany$1http://www.wikidata.org/entity/Q183$9155
=651  \0$aPoland$1http://www.wikidata.org/entity/Q36$996
=942  \\$cBOO
=952  \\$00$10$2ddc$3Teil 2: Begenung und Umsetzung$40$6BIO_TELE_E$70$8BIO$920641$aORPH$bORPH$cKTS1_P$d2020-07-08$eKoopman$i21C48$l0$oBIO TELE e$p20128236$r2021-09-23 00:00:00$w2021-09-23$yBOO
=952  \\$00$10$2ddc$40$6BIO_TELE_E$70$8BIO$920642$aORPH$bORPH$cKTS1_P$d2020-07-08$eKoopman$i21C48$l0$oBIO TELE e$p20128238$r2021-09-23 00:00:00$w2021-09-23$yBOO
=999  \\$d20352

