=LDR  00940    a2200205   4500
=001  20353
=008  210923s1983\\\\\\\agh||\||||\00|\0dger\d
=041  \\$ager
=110  \\$4edt$aZentrum für Telemann-Pflege und -Forschung Magdeburg (Germany)$91645
=245  \\$aKleine Beiträge zur Telemann-Forschung
=260  \\$aMagdeburg$bZentrum für Telemann-Pflege und Forschung$c1987
=300  \\$a56 pages
=490  \\$aMagdeburger Telemann-Studien$v7
=600  \0$aTelemann, Georg Philipp$d1681-1767$1http://www.wikidata.org/entity/Q75854$99287
=648  \0$a18th Century (1701-1800)$1http://www.wikidata.org/entity/Q7015$920899
=650  \0$aComposer$1http://www.wikidata.org/entity/Q36834$93625
=651  \0$aGermany$1http://www.wikidata.org/entity/Q183$9155
=942  \\$cBOO
=952  \\$00$10$2ddc$40$6BIO_TELE_E$70$8BIO$920643$aORPH$bORPH$cKTS1_P$d2020-07-08$eKoopman$i21C48$l0$oBIO TELE e$p20128237$r2021-09-23 00:00:00$w2021-09-23$yBOO
=999  \\$d20353

