=LDR  00977nam a22002057a 4500
=001  20354
=005  20250926134858.0
=008  210923s2002\\\\\\\o||||\||||\00|\0beng\d
=041  \\$aeng
=110  \\$4edt$aGesellschaft Thüringer Bach-Wochen (Germany)$922277
=245  \\$aJohann Sebastian Bach:$bLocations of the Life and Work, Events, Travel Routes
=260  \\$aHalle$bStändige Konferenz Mitteldeutsche Barockmusik in Sachsen, Sachsen-Anhalt und Thüringen$c2002
=300  \\$a16 pages
=600  \0$aBach, Johann Sebastian$d1685-1750$1http://www.wikidata.org/entity/Q1339$94766
=648  \0$a18th Century (1701-1800)$1http://www.wikidata.org/entity/Q7015$920899
=650  \0$aComposer$1http://www.wikidata.org/entity/Q36834$93625
=651  \0$aGermany$1http://www.wikidata.org/entity/Q183$9155
=942  \\$cEPH
=952  \\$00$10$2ddc$40$6BIO_BACH1_B$70$8BIO$920649$aORPH$bORPH$cKTS1_P$d2020-07-08$eKoopman$l0$oBIO BACH1 b$p20135968$r2021-09-23 00:00:00$w2021-09-23$yEPH
=999  \\$d20354

