=LDR  00378nam a22000977a 4500
=001  20356
=008  210927b\\\\\\\\||||||||\||||\00|\0\###\d
=245  \\$aHändel Anthems 2
=942  \\$cSCO
=952  \\$00$10$2ddc$40$6KTS_1_000000000000000_C1_35_07H12AF$70$8RAR$920657$aORPH$bORPH$cKTS1_C1$d2020-07-08$eKoopman$i07H12a-f$l0$oKTS1 C1.35 07H12a-f$p20134175$r2021-09-27 00:00:00$w2021-09-27$ySCO
=999  \\$d20356

