=LDR  00862nam a22001937a 4500
=001  20361
=008  210928s1976\\\\\\\a||||\||||\00|\0bger\d
=041  \\$ager
=245  \\$aTelemann und Eisenach:$bDrei Studien
=260  \\$aMagdeburg$c1976
=490  \\$aMagdeburger Telemann-Studien$v5
=600  \0$aTelemann, Georg Philipp$d1681-1767$1http://www.wikidata.org/entity/Q75854$99287
=648  \0$a18th Century (1701-1800)$1http://www.wikidata.org/entity/Q7015$920899
=650  \0$aComposer$1http://www.wikidata.org/entity/Q36834$93625
=650  \0$aBiography$1http://www.wikidata.org/entity/Q36279$91927
=651  \0$aEisenach (Germany)$1http://www.wikidata.org/entity/Q7070$922310
=942  \\$cBOO
=952  \\$00$10$2ddc$40$6BIO_TELE_E$70$8BIO$920666$aORPH$bORPH$cKTS1_P$d2020-07-08$eKoopman$i38D38$l0$oBIO TELE e$p20122367$r2021-09-28 00:00:00$w2021-09-28$yBOO
=999  \\$d20361

