=LDR  01230nam a22002177a 4500
=001  20362
=008  210928b\\\\\\\\|||gha||\||||\00|\0dger\d
=041  \\$ager
=245  \\$aGeorg Philipp Telemann:$bVorwort und Symphonie zur Serenate auf die erste hundertjährige Jubelfeyer der Hamburgischen Löblich Handlungs-Deputation
=300  \\$a16 pages
=490  \\$aStudien zur Aufführungspraxis und Interpretation von Instrumentalmusik des 18. Jahrhunderts$v9
=600  \0$aTelemann, Georg Philipp$d1681-1767$1http://www.wikidata.org/entity/Q75854$99287
=648  \0$a18th Century (1701-1800)$1http://www.wikidata.org/entity/Q7015$920899
=650  \0$aSymphony$1http://www.wikidata.org/entity/Q9734$92527
=651  \0$aHamburg (Germany)$1http://www.wikidata.org/entity/Q1055$921940
=700  \\$4edt$aFleischhauer, Günter$d1928-2002$1http://www.wikidata.org/entity/Q72937039$910889
=700  \\$4edt$aSiegmund-Schultze, Walther$d1916-1993$1http://www.wikidata.org/entity/Q826691$914064
=700  \\$4edt$aThom, Eitelfriedrich$920417
=942  \\$cBOO
=952  \\$00$10$2ddc$40$6BIO_TELE_E$70$8BIO$920667$aORPH$bORPH$cKTS1_P$d2020-07-08$eKoopman$iTS Michaelst. St. 9$l0$oBIO TELE e$p20134188$r2021-09-28 00:00:00$w2021-09-28$yBOO
=999  \\$d20362

