=LDR  01269nam a22002417a 4500
=001  20364
=008  210928s1995\\\\\\\gh|||\||||\00|\0dger\d
=041  \\$ager
=245  \\$aZur Aufführungspraxis und Interpretation der Vokalmusik Georg Philipp Telemanns:$bein Beitrag zum 225. Todestag
=260  \\$aMichaelstein$aBlankenburg$c1995
=300  \\$a191 pages
=490  \\$aStudien zur Aufführungspraxis und Interpretation der Musik des 18. Jahrhunderts$v46
=590  \\$aKonferenzbericht der XX. Wissenschaftlichen Arbeitstagung Michaelstein, 19. bis 21. Juni 1992
=600  \0$aTelemann, Georg Philipp$d1681-1767$1http://www.wikidata.org/entity/Q75854$99287
=648  \0$a18th Century (1701-1800)$1http://www.wikidata.org/entity/Q7015$920899
=650  \0$aVocal music$1http://www.wikidata.org/entity/Q685884$93319
=650  \0$aHistorically informed performance$1http://www.wikidata.org/entity/Q1344860$920980
=651  \0$aGermany$1http://www.wikidata.org/entity/Q183$9155
=700  \\$4edt$aThom, Eitelfriedrich$920417
=700  \\$4edt$aZschoch, Frieder$916844
=942  \\$cBOO
=952  \\$00$10$2ddc$40$6BIO_TELE_E$70$8BIO$920669$aORPH$bORPH$cKTS1_P$d2020-07-08$eKoopman$iTS Michaelst. St. 46$l0$oBIO TELE e$p20134190$r2021-09-28 00:00:00$w2021-09-28$yBOO
=999  \\$d20364

