=LDR  00934nam a22002057a 4500
=001  20366
=008  210929r19671888it\|||||\||||\00|\0\ita\d
=041  \\$aita
=245  \\$aNomocheliurgografìa antica e moderna.$bOssia elenco di fabbricatori di strumenti armonici 
=260  \\$a1967$bForni$cBologna
=300  \\$a393 pages
=500  \\$aFacsimile of the original edition of 1888
=561  \\$aEx Libris Ton Koopman
=648  \0$a16th Century (1501-1600)$1http://www.wikidata.org/entity/Q7017$920944
=648  \0$a17th Century (1601-1700)$1http://www.wikidata.org/entity/Q7016$920923
=648  \0$a18th Century (1701-1800)$1http://www.wikidata.org/entity/Q7015$920899
=700  \\$4aut$aValdrighi, Luigi-Francesco$1http://www.wikidata.org/entity/Q53407091$922358
=942  \\$cBOO
=952  \\$00$10$2ddc$40$6INS_1A$70$8INS$920671$aORPH$bORPH$cKTS0$d2020-07-08$eKoopman$i14G13$oINS1a$p20126239$r2021-09-29 00:00:00$w2021-09-29$yBOO
=999  \\$d20366

