=LDR  00388nam a22000977a 4500
=001  20393
=008  211007b\\\\\\\\||||||||\||||\00|\0\###\d
=245  \\$a[Wilhelm Sluiter Collection]
=942  \\$cBOO
=952  \\$00$10$2ddc$40$6KTS_1_000000000000000_C1_38_11G20AI$70$8RAR$920705$aORPH$bORPH$cKTS1_C1$d2020-07-08$eKoopman$i1G20a-i$l0$oKTS1 C1.38 11G20a-i$p20134220$r2021-10-07 00:00:00$w2021-10-07$yBOO
=999  \\$d20393

