=LDR  01398cam a2200277u  4500
=001  20447
=005  20250121142134.0
=008  821217r19711890gw\\\\\\\\\\\\000\0\ger\\
=040  \\$aOI
=041  \\$ager
=100  \\$aSittard, Josef$d1846-1903$4aut$1http://www.wikidata.org/entity/Q4192323$97760
=245  10$aGeschichte des Musik- und Concertwesens in Hamburg vom 14. Jahrhundert bis auf die Gegenwart.
=260  \\$aHildesheim$aNew York$bOlms$c1971
=300  \\$axi-392 pages$c22 cm.
=534  \\$cAltona und Leipzig: Reher, 1890
=648  \0$aMiddle Ages (500-1400)$1http://www.wikidata.org/entity/Q12554$920964
=648  \0$a16th Century (1501-1600)$1http://www.wikidata.org/entity/Q7017$920944
=648  \0$a17th Century (1601-1700)$1http://www.wikidata.org/entity/Q7016$920923
=648  \0$a18th Century (1701-1800)$1http://www.wikidata.org/entity/Q7015$920899
=648  \0$a19th Century (1801-1900)$1http://www.wikidata.org/entity/Q6955$920935
=650  \0$aConcert$1http://www.wikidata.org/entity/Q182832$921044
=650  \0$aMusic history$1http://www.wikidata.org/entity/Q846047$921373
=651  \0$aHamburg (Germany)$1http://www.wikidata.org/entity/Q1055$921940
=942  \\$cBOO
=952  \\$00$10$2ddc$40$6TOP_DE_HAM_3_000000000000000$70$8TOP$920770$aORPH$bORPH$cKTS0$d2020-07-08$eKoopman$i13H04$l1$oTOP DE.HAM 3$p20124986$r2021-11-03 00:00:00$s2021-10-18$w2021-10-18$yBOO
=999  \\$d20447

