=LDR  01012nam a22002177a 4500
=001  20474
=008  211021r17541987gw\|||||\||||\00|\0\ger\d
=041  \\$ager
=100  \\$4aut$aScheibe, Johann Adolph$d1708-1776$1http://www.wikidata.org/entity/Q213705$98967
=245  \\$aAbhandlung vom Ursprung und Alter Musik, insonderheit der Vokalmusik
=260  \\$aLeipzig$bZA-Reprint$c1987
=300  \\$a107 pages
=336  \\$aprinted
=500  \\$aFacsimile reprint of the original publication, Altona, Flensburg, Kort, 1754
=648  \0$a18th Century (1701-1800)$1http://www.wikidata.org/entity/Q7015$920899
=650  \0$aVocal music$1http://www.wikidata.org/entity/Q685884$93319
=650  \0$aMusic history$1http://www.wikidata.org/entity/Q846047$921373
=651  \0$aGermany$1http://www.wikidata.org/entity/Q183$9155
=942  \\$cBOO
=952  \\$00$10$2ddc$40$6GHM_2_000000000000000$70$8GHM$920804$aORPH$bORPH$cKM12_1$d2020-07-08$eKoopman$i13H08$l0$oGHM2$p20124981$r2021-10-21 00:00:00$v58.00$w2021-10-21$yBOO
=999  \\$d20474

