=LDR  01090nam a22002417a 4500
=001  20477
=008  211025r16221980it\h||||\||||\00|\0\ita\d
=041  \\$aita
=100  \\$4aut$aBanchieri, Adriano$d1568-1634$1http://www.wikidata.org/entity/Q347804$95930
=110  \\$4cur$aBibliotheca Musica Bononiensis$922597
=245  \\$aCantorino:$butile a novizi e chierici secolari e regolari principianti del canto fermo alla romana
=260  \\$aBologna$bArnaldo Forni$c1980
=300  \\$a104 pages
=336  \\$aprinted
=561  \\$aEx Libris Ton Koopman
=648  \0$a17th Century (1601-1700)$1http://www.wikidata.org/entity/Q7016$920923
=650  \0$aMethod$1http://www.wikidata.org/entity/Q2250960$921402
=650  \0$aPlainchant$1http://www.wikidata.org/entity/Q2707688$921363
=650  \0$aSinging$1http://www.wikidata.org/entity/Q27939$92767
=651  \0$aRome (Italy)$1http://www.wikidata.org/entity/Q220$949
=942  \\$cBOO
=952  \\$00$10$2ddc$40$6INS_2C$70$8INS$920824$aORPH$bORPH$cKTS0$d2020-07-08$eKoopman$i13B28$l0$oINS2c$p20124484$r2021-10-25 00:00:00$w2021-10-25$yBOO
=999  \\$d20477

