=LDR  00854nam a22002057a 4500
=001  20480
=008  211025r16101974gw\h||||\||||\00|\0\ger\d
=041  \\$ager
=100  \\$4aut$aFuhrmann, Georg Leopold$1http://www.wikidata.org/entity/Q15434132$922608
=245  \\$aMusicæ.$bDer freyen lieblichen Singkunst. $nErster und anderer Theil
=246  \1$aMusicae
=260  \\$aLeipzig$aKassel$bBärenreiter$c1974
=300  \\$a153 pages
=561  \\$aEx Libris Ton Koopman
=648  \0$a17th Century (1601-1700)$1http://www.wikidata.org/entity/Q7016$920923
=650  \0$aVocal music$1http://www.wikidata.org/entity/Q685884$93319
=651  \0$aGermany$1http://www.wikidata.org/entity/Q183$9155
=942  \\$cBOO
=952  \\$00$10$2ddc$40$6INS_2C$70$8INS$920827$aORPH$bORPH$cKTS0$d2020-07-08$eKoopman$l0$oINS2c$p20126160$r2021-10-25 00:00:00$w2021-10-25$yBOO
=999  \\$d20480

