=LDR  00394nam a22000977a 4500
=001  20481
=008  211025b\\\\\\\\||||||||\||||\00|\0\###\d
=245  \\$a[Collection Katharineum zu Lübeck ]
=942  \\$cBOO
=952  \\$00$10$2ddc$40$6KTS_1_000000000000000_C1_40_26E18AR$70$8RAR$920828$aORPH$bORPH$cKTS1_C1$d2020-07-08$eKoopman$i26E18a-r$oKTS1 C1.40 26E18a-r$p20137475$r2021-10-25 00:00:00$w2021-10-25$yBOO
=999  \\$d20481

