=LDR  01028nam a22002417a 4500
=001  20482
=008  211025s1798\\\\gw\g||||\||||\00|\0\ger\d
=041  \\$ager
=100  \\$4aut$aLasser, Johann Baptist$d1751-1805$1http://www.wikidata.org/entity/Q20003624$98103
=245  \\$aVollständige Anleitung zur Singkunst, sowohl für den Sopran, als auch für den Alt
=260  \\$aMunich$c1798
=300  \\$a176 pages
=336  \\$aprinted
=500  \\$aPhotocopied book
=561  \\$aEx Libris Ton Koopman
=648  \0$a18th Century (1701-1800)$1http://www.wikidata.org/entity/Q7015$920899
=650  \0$aMethod$1http://www.wikidata.org/entity/Q2250960$921402
=650  \0$aSinging$1http://www.wikidata.org/entity/Q27939$92767
=650  \0$aVocal music$1http://www.wikidata.org/entity/Q685884$93319
=651  \0$aGermany$1http://www.wikidata.org/entity/Q183$9155
=942  \\$cBOO
=952  \\$00$10$2ddc$40$6INS_2C$70$8INS$920829$aORPH$bORPH$cKTS0$d2020-07-08$eKoopman$l0$oINS2c$p20127123$r2021-10-25 00:00:00$w2021-10-25$yBOO
=999  \\$d20482

