=LDR  00924nam a22002177a 4500
=001  20483
=008  211025s1737\\\\fr\hg|||\||||\00|\0\fre\d
=041  \\$afre
=100  \\$4aut$aDavid, François$1http://www.wikidata.org/entity/Q3084375$922611
=245  \\$aMéthode nouvelle ou Principes généraux pour apprendre facilement la musique et l'art de chanter
=260  \\$aParis$aLyon$c1737
=300  \\$a142 pages
=336  \\$aprinted
=500  \\$aPhotocopied book
=648  \0$a18th Century (1701-1800)$1http://www.wikidata.org/entity/Q7015$920899
=650  \0$aMethod$1http://www.wikidata.org/entity/Q2250960$921402
=650  \0$aSinging$1http://www.wikidata.org/entity/Q27939$92767
=651  \0$aFrance$1http://www.wikidata.org/entity/Q142$9131
=942  \\$cBOO
=952  \\$00$10$2ddc$40$6INS_2C$70$8INS$920830$aORPH$bORPH$cKTS0$d2020-07-08$eKoopman$i13B14$l0$oINS2c$p20124498$r2021-10-25 00:00:00$w2021-10-25$yBOO
=999  \\$d20483

