=LDR  00965nam a22002297a 4500
=001  20484
=008  211025r17801976gw\h||||\||||\00|\0\ger\d
=041  \\$ager
=100  \\$4aut$aHiller, Johann Adam$d1728-1804$1http://www.wikidata.org/entity/Q432299$95155
=245  \\$aAnweisung zum musikalisch-zierlichen Gesang
=260  \\$aLeipzig$bPeters$c1976
=300  \\$a152 pages
=336  \\$aprinted
=561  \\$aEx Libris Ton Koopman
=648  \0$a18th Century (1701-1800)$1http://www.wikidata.org/entity/Q7015$920899
=650  \0$aSinging$1http://www.wikidata.org/entity/Q27939$92767
=650  \0$aVocal music$1http://www.wikidata.org/entity/Q685884$93319
=650  \0$aMethod$1http://www.wikidata.org/entity/Q2250960$921402
=651  \0$aGermany$1http://www.wikidata.org/entity/Q183$9155
=942  \\$cBOO
=952  \\$00$10$2ddc$40$6INS_2C$70$8INS$920832$aORPH$bORPH$cKTS0$d2020-07-08$eKoopman$i13A20$l0$oINS2c$p20126047$r2021-10-25 00:00:00$w2021-10-25$yBOO
=999  \\$d20484

