=LDR  00994nam a22002297a 4500
=001  20485
=008  211026r17031976gw\h||||\||||\00|\0\ger\d
=041  \\$aeng
=100  \\$4aut$aBeyer, Johann Samuel$1http://www.wikidata.org/entity/Q1696071$922614
=245  \\$aPrimæ lineæ musicæ vocalis 
=260  \\$aLeipzig$bZentralantiquariat der Deutschen Demokratischen Republik$c1977
=300  \\$a122 pages
=336  \\$aprinted
=561  \\$aEx Libris Ton Koopman
=648  \0$a18th Century (1701-1800)$1http://www.wikidata.org/entity/Q7015$920899
=650  \0$aMethod$1http://www.wikidata.org/entity/Q2250960$921402
=650  \0$aVocal music$1http://www.wikidata.org/entity/Q685884$93319
=650  \0$aSinger$1http://www.wikidata.org/entity/Q177220$93915
=651  \0$aGermany$1http://www.wikidata.org/entity/Q183$9155
=942  \\$cBOO
=952  \\$00$10$2ddc$40$6INS_2C$70$8INS$920833$aORPH$bORPH$cKTS0$d2020-07-08$eKoopman$i13B10$l0$oINS2c$p20124502$r2021-10-26 00:00:00$w2021-10-26$yBOO
=999  \\$d20485

