=LDR  01037nam a22002297a 4500
=001  20486
=008  211026r16711890it\h||||\||||\00|\0\ita\d
=041  \\$aita
=100  \\$4aut$aMarinelli, Giulio Cesare$922615
=245  \\$aVia retta della voce corale,$bovvero osservazioni intorno al retto esercitio del canto fermo
=260  \\$aBologna$bBibliotheca Musica Bononiensis$c1980
=300  \\$a268 pages
=561  \\$aEx Libris Ton Koopman
=648  \0$a17th Century (1601-1700)$1http://www.wikidata.org/entity/Q7016$920923
=650  \0$aPlainchant$1http://www.wikidata.org/entity/Q2707688$921363
=650  \0$aChoir$1http://www.wikidata.org/entity/Q131186$93338
=650  \0$aSinging$1http://www.wikidata.org/entity/Q27939$92767
=651  \0$aBologna (Italy)$1http://www.wikidata.org/entity/Q1891$921973
=710  \\$aBibliotheca Musica Bononiensis$4edt$922597
=942  \\$cBOO
=952  \\$00$10$2ddc$40$6INS_2C$70$8INS$920834$aORPH$bORPH$cKTS0$d2020-07-08$eKoopman$i14C51$l0$oINS2c$p20126161$r2021-10-26 00:00:00$w2021-10-26$yBOO
=999  \\$d20486

