=LDR  02592    a2200193   4500
=001  20493
=008  211027b\\\\\\\\|||||l|||||||\00|\0\eng\d
=041  \\$aeng
=245  \\$aAlbum Agatha Home Drummond
=500  \\$aCollection of keyboard music belonging to Agatha Home Drummond.
Written index on first page lists 19 items, the last two have been removed from this collection. 
=500  \\$aAgatha Home Drummond might have lived in Edinburgh as most of the music seems to come from Edinburgh music sellers and publishers. 
=501  \\$aa.	Natale Corri, Three Sonatas, for the Piano Forte or Harpsichord with an accompanyment for a violin Op.1 (33)
b.	Domenico Corri, Three Sonatas for the Harpsichord or Piano Forte op.5 [114-135] (22)
c.	Mazzinghi, Overture Virginia (Number of the Opera Overtures adapted for the Harpsichord or Piano Forte with an Acc. for a Violin) (8)
d.	Reeve, The Favorite Overture to the popular New Comic Opera of Family Quarrels (8)
e.	Monsigny / Corri, Overture to the Deserter (3)
f.	[Piccinni], Overture to lLa Schiava adapted for the Harpsichord or Piano Forte (5)
g.	[Piccinni], Overture to La Buona Figliuola adapted for the Harpsichord or Piano Forte (5)
h.	[Nicolas Dezède], Overture de Blaise et Babet [297-301] (5)
i.	Felice Giardini, The Overture to Astarto for the Harpsichord or Piano Forte (8)
j.	Arne / Domenico Corri, The Soldier Tir’d, A Celebrated Song of Dr. Arne’s Arranged as a Lesson for the Harpsichord [56-58] (3)
k.	J.G.C. Schetky, The Indian Queen, A favorite Strathspey Made into a Rondo for the Piano-Forte (5)
l.	Domenico Corri, OBI, The favorite Air of the Spanish Guitar arranged as a Rondo for the Piano Forte (5)
m.	Cramer, Grand March for the Piano Forte or Harp (7)
n.	T. Latour, The Copenhagen Waltz with Variations for the Piano Forte (5)
o.	M. Holst, Barbara, A Favorite Dance arranged as a Rondo for the Piano Forte (4)
p.	Corri, Dussek (eds.), Original German Waltzen for the Piano Forte or Harpsichord No. I-V (10)
q.	Onorati / Capuzzi, The Favorite Ballet of La Villageoise enlevée ou Les Corsaires (16)

=650  \0$aInstrumental music$1http://www.wikidata.org/entity/Q639197$92106
=650  \0$aDynamic$1http://www.wikidata.org/entity/Q113558$92847
=653  \0$abezetting (voc.)$31$020137512$w07D04l$929527
=856  \\$uhttps://drive.google.com/drive/folders/1wLul-jtAI6bpvnyJVsqkoH3PKPjyLZ6d$3Koopman Digital
=942  \\$cSCO
=952  \\$00$10$2ddc$40$6KTS_1_000000000000000_C2_31_07D04$70$8RAR$920862$aORPH$bORPH$cKTS1_C2$d2020-07-08$eKoopman$oKTS1 C2.31 07D04$p20137512$r2021-10-27 00:00:00$w2021-10-27$ySCO
=999  \\$d20493

