=LDR  00903nam a22001937a 4500
=001  20496
=008  211028s1966\\\\\\\|||||\i|||\00|\0bger\d
=041  \\$ager
=100  \\$4aut$aAbert, Hermann$d1871-1927$911159
=245  \\$aW. A. Mozart:$bRegister für beide Teile des vorliegenden Werkes
=260  \\$aLeipzig$bBreitkopf & Härtel$c1966
=600  \0$aMozart, Wolfgang Amadeus$d1756-1791$1http://www.wikidata.org/entity/Q254$95341
=648  \0$a18th Century (1701-1800)$1http://www.wikidata.org/entity/Q7015$920899
=650  \0$aComposer$1http://www.wikidata.org/entity/Q36834$93625
=650  \0$aBiography$1http://www.wikidata.org/entity/Q36279$91927
=651  \0$aAustria$1http://www.wikidata.org/entity/Q40$9202
=942  \\$cBOO
=952  \\$00$10$2ddc$40$6BIO_MOZA1_D$70$8BIO$920869$aORPH$bORPH$cKTS1_P$d2020-07-08$eKoopman$i23A01-c$l0$oBIO MOZA1 d$p20128490$r2021-10-28 00:00:00$w2021-10-28$yBOO
=999  \\$d20496

