=LDR  01485nam a22002777a 4500
=001  20497
=008  211028s1774\\\\||||||||\||||\00|\h\eng\d
=041  \\$aeng
=100  \\$4aut$aCollier, Joel$d1740-1787$1http://www.wikidata.org/entity/Q24249978$95239
=245  \\$aMusical Travels through England
=260  \\$aLondon $bKearsly $c1774
=300  \\$aviii-59 pages
=500  \\$aJoel Collier is the pseudonym of either John Bicknell, George Veal, Thomas Day, Alexander Bicknell or Peter Beckford. 
=500  \\$aA satire on Charles Burney's 'The present state of music in France and Italy' and 'The present state of music in Germany, the Netherlands, and London'.
=500  \\$aLater edition (1776): see 05F14 & 03G21
=561  \\$aEx Libris Craig Laurie of Redcastle (plate)
=590  \\$aby Joel Collier, organist
=600  \0$aBurney, Charles$d1726-1814$1http://www.wikidata.org/entity/Q547002$910020
=648  \0$a18th Century (1701-1800)$1http://www.wikidata.org/entity/Q7015$920899
=650  \0$aSatire$1http://www.wikidata.org/entity/Q128758$921636
=650  \0$aTravel$1http://www.wikidata.org/entity/Q61509$94440
=650  \0$aMusic history$1http://www.wikidata.org/entity/Q846047$921373
=651  \0$aUnited Kingdom$1http://www.wikidata.org/entity/Q21$9273
=942  \\$cBOO
=952  \\$00$10$2ddc$40$6KTS_1_000000000000000_C1_44_03G20$70$8RAR$920871$aORPH$bORPH$cKTS1_C1$d2020-07-08$eKoopman$l0$oKTS1 C1.44 03G20$p20137536$r2021-10-28 00:00:00$w2021-10-28$yBOO
=999  \\$d20497

