=LDR  01655nam a22003137a 4500
=001  20498
=005  20250926135309.0
=008  211029r19691762gw\h||||\||||\00|\0\ger\d
=041  \\$ager
=100  \\$aBach, Carl Philipp Emanuel$d1714-1788$4aut$1http://www.wikidata.org/entity/Q76428$99218
=245  \\$aVersuch über die wahre Art das Clavier zu Spielen
=260  \\$aLeipzig$bBreitkopf & Härtel$c1969
=300  \\$a[vi]-342 pages
=500  \\$aFacsimile reprint of the first edition, Berlin, 1753 and 1762
=590  \\$amit Exempeln und achtzehn Probe-Stücken in sechs Sonaten erläutert von Carl Philipp Emanuel Bach, Königl. Preuß. Cammer-Musikus
=648  \0$a18th Century (1701-1800)$1http://www.wikidata.org/entity/Q7015$920899
=650  \0$aMethod$1http://www.wikidata.org/entity/Q2250960$921402
=650  \0$aKeyboard instrument$1http://www.wikidata.org/entity/Q52954$92849
=650  \0$aKeyboard music$1http://www.wikidata.org/entity/Q105715630$921412
=650  \0$aFingering$1http://www.wikidata.org/entity/Q608487$921861
=650  \0$aOrnamentation$1http://www.wikidata.org/entity/Q739589$922524
=650  \0$aBasso continuo$1http://www.wikidata.org/entity/Q724321$921065
=650  \0$aAccompaniment$1http://www.wikidata.org/entity/Q504514$92918
=650  \0$aImprovisation$1http://www.wikidata.org/entity/Q1049625$93640
=651  \0$aGermany$1http://www.wikidata.org/entity/Q183$9155
=700  \\$4edt$aHoffamnn-Erbrecht, Lothar$911611
=942  \\$cBOO
=952  \\$00$10$2ddc$40$6INS_3C$70$8INS$920873$aORPH$bORPH$cKTS0$d2020-07-08$eKoopman$i14G11$l1$oINS3c$p20126241$r2025-06-25 10:01:34$s2023-10-31$w2021-10-29$yBOO
=999  \\$d20498

