=LDR  01026cam a2200241u  4500
=001  20504
=008  840703s17281958fr\hfga\\\\\\\000\0\fr\\\
=010  \\$a   60041867 
=041  \\$afre$ager
=100  \\$aHotteterre, Jacques-Martin$d1673-1763$4aut$1http://www.wikidata.org/entity/Q726500$96867
=245  10$aPrincipes de la Flute Traversière$bou Flute d'Allemagne, de la Flute a Bec, ou Flute Douce, et du Haut-Bois,$cDivisez par Traitez.
=250  \\$a2.$bAufl.
=260  \\$aKassel$aNew York$bBärenreiter$c1958
=300  \\$a46 pages$c19 cm
=336  \\$aprinted
=650  \0$aFlute
=650  \0$aRecorder$1http://www.wikidata.org/entity/Q187851$91903
=650  \0$aOboe$1http://www.wikidata.org/entity/Q8377$91905
=650  \0$aMethod$1http://www.wikidata.org/entity/Q2250960$921402
=700  \\$4trl$aHellwig, Hans Joachim$922710
=942  \\$cBOO
=952  \\$00$10$2ddc$40$6INS_6C_HOTT$70$8INS$920891$aORPH$bORPH$cKTS0$d2020-07-08$eKoopman$i13A18$l0$oINS6c HOTT$p20126049$r2021-11-04 00:00:00$w2021-11-04$yBOO
=999  \\$d20504

