=LDR  01309nam a22002177a 4500
=001  20508
=008  211105s1963\\\\-ukaf|||\||||\00|\0\eng\d
=041  \\$aeng
=245  \\$aThe Recorder and Music Magazine$nVol. 1, No. 1
=260  \\$aLondon$bRolls House$c1963
=300  \\$a32 pages
=500  \\$aWith the signature and ms dedication of Edgar Hunt on the cover. Edgard Hunt is the author of 'The Recorder and its Music' which dates from 1962 and also contributed to this first issue of The Recorded and Music Magazine. 
=500  \\$aVol. 1, nr. 1 of this periodical, dated May 1963.
=500  \\$aContains 'The Recorder News', the official journal of the Society of Recorder Players, of which Benjamin Britten was president at the time. Carl Dolmetsch, Freda Dinn and Walter Bergmann were 'musical directors' of the society.
=590  \\$aIncorporating 'The Recorder News', the official journal of the Society of Recorder Players
=650  \0$aPeriodical$1http://www.wikidata.org/entity/Q1002697$921106
=650  \0$aRecorder$1http://www.wikidata.org/entity/Q187851$91903
=700  \\$aKenworthy, C.$4edt$927647
=942  \\$cBOO
=952  \\$00$10$2ddc$40$6INS_6_000000000000000_1A$70$8INS$920899$aORPH$bORPH$cKTS0$d2020-07-08$eKoopman$i34E05$l0$oINS6.1a$p20137631$r2021-11-05 00:00:00$w2021-11-05$yBOO
=999  \\$d20508

