=LDR  01141cam a2200241u  4500
=001  20510
=008  831201r18041975freh\\\\\\\\\\000\0\fre\\
=041  \\$aeng$afre
=245  10$aMéthode de flûte du Conservatoire
=260  \\$aBuren $bKnuf$c1975
=300  \\$axxxix-152 pages$c30 cm.
=490  \\$aThe Flute Library$vVolume 3
=610  \0$aConservatoire de Paris (France)$1http://www.wikidata.org/entity/Q463055$920895
=648  \0$a19th Century (1801-1900)$1http://www.wikidata.org/entity/Q6955$920935
=650  \0$aFlute$1http://www.wikidata.org/entity/Q11405$921276
=650  \0$aMethod$1http://www.wikidata.org/entity/Q2250960$921402
=651  \0$aParis (France)$1http://www.wikidata.org/entity/Q90$9160
=700  \\$aWunderlich, Johann Georg$4aut$1http://www.wikidata.org/entity/Q95634$922722
=700  \\$aHugot, Antoine$d1761-1803$1http://www.wikidata.org/entity/Q586402$4aut$98753
=700  \\$aJenkins, David$4win$926729
=942  \\$cBOO
=952  \\$00$10$2ddc$40$6INS_6_000000000000000_2C_HUGO$70$8INS$920900$aORPH$bORPH$cKTS0$d2020-07-08$eKoopman$i12D04$l0$oINS6.2c HUGO$p20137632$r2021-11-05 00:00:00$w2021-11-05$yBOO
=999  \\$d20510

