=LDR  01100nam a22002417a 4500
=001  20511
=008  211105r17891953gw\h||||\||||\00|\0\ger\d
=041  \\$ager
=100  \\$4aut$aQuantz, Johann Joachim$d1697-1773$1http://www.wikidata.org/entity/Q77212$96465
=245  \\$aVersuch einer Anweisung die Flöte traversiere zu spielen
=260  \\$aGermany$bBärenreiter $c1953
=300  \\$a334 pages
=336  \\$aprinted
=590  \\$aFaksimile-Nachdruck der 3. Auflage, Breslau 1789
=648  \0$a18th Century (1701-1800)$1http://www.wikidata.org/entity/Q7015$920899
=650  \0$aFlute$1http://www.wikidata.org/entity/Q11405$921276
=650  \0$aMethod$1http://www.wikidata.org/entity/Q2250960$921402
=650  \0$aOrganology$1http://www.wikidata.org/entity/Q899293$921400
=651  \0$aGermany$1http://www.wikidata.org/entity/Q183$9155
=700  \\$4edt$aSchmitz, Hans-Peter$d1916-1995$913908
=942  \\$cBOO
=952  \\$00$10$2ddc$40$6INS_6_000000000000000_2C_QUAN$70$8INS$920901$aORPH$bORPH$cKTS0$d2020-07-08$eKoopman$i14G10$oINS6.2c QUAN$p20126242$r2021-11-05 00:00:00$w2021-11-05$yBOO
=999  \\$d20511

