=LDR  01146nam a22002297a 4500
=001  20512
=008  211105r17821980gw\h||||\||||\00|\0\ger\d
=041  \\$ager$aeng
=100  \\$4aut$aRibock, Justus Johannes Heinrich$1http://www.wikidata.org/entity/Q6318563$922725
=245  \\$aBemerkungen über die Flöte und Versuch einer kurzen Anleitung zur bessern Einrichtung und Behandlung derselben
=260  \\$aBuren$bKnuf$c1980
=300  \\$axi-63 pages
=490  \\$aThe Flute Library$vVolume 13
=648  \0$a17th Century (1601-1700)$1http://www.wikidata.org/entity/Q7016$920923
=648  \0$a18th Century (1701-1800)$1http://www.wikidata.org/entity/Q7015$920899
=650  \0$aMethod$1http://www.wikidata.org/entity/Q2250960$921402
=650  \0$aFlute$1http://www.wikidata.org/entity/Q11405$921276
=651  \0$aGermany$1http://www.wikidata.org/entity/Q183$9155
=700  \\$4cur$aVentzke, Karl$1http://www.wikidata.org/entity/Q18334646$922726
=942  \\$cBOO
=952  \\$00$10$2ddc$40$6INS_6_000000000000000_2C_RIBO$70$8INS$920903$aORPH$bORPH$cKTS0$d2020-07-08$eKoopman$i14D13$oINS6.2c RIBO$p20124679$r2021-11-05 00:00:00$w2021-11-05$yBOO
=999  \\$d20512

