=LDR  01146nam a22002297a 4500
=001  20513
=008  211105r17151966fr\h||||\||||\00|\0\fre\d
=041  \\$afre
=100  \\$4aut$aHotteterre, Jacques-Martin$d1673-1763$1http://www.wikidata.org/entity/Q726500$96867
=245  \\$aL'Art de préluder sur la flûte traversière, sur la flûte-à-bec, sur le hautbois, et autres instruments de dessus
=260  \\$aParis$bZurfluh$c1966
=300  \\$a76 pages
=648  \0$a18th Century (1701-1800)$1http://www.wikidata.org/entity/Q7015$920899
=650  \0$aMethod$1http://www.wikidata.org/entity/Q2250960$921402
=650  \0$aFlute$1http://www.wikidata.org/entity/Q11405$921276
=650  \0$aRecorder$1http://www.wikidata.org/entity/Q187851$91903
=650  \0$aOboe$1http://www.wikidata.org/entity/Q8377$91905
=650  \0$aImprovisation$1http://www.wikidata.org/entity/Q1049625$93640
=651  \0$aFrance$1http://www.wikidata.org/entity/Q142$9131
=942  \\$cBOO
=952  \\$00$10$2ddc$40$6INS_6_000000000000000_2C_HOTT$70$8INS$920904$aORPH$bORPH$cKTS0$d2020-07-08$eKoopman$i14I21$oINS6.2c HOTT$p20126275$r2021-11-05 00:00:00$w2021-11-05$yBOO
=999  \\$d20513

