=LDR  01056nam a22002417a 4500
=001  20514
=008  211105r17911985gw\h||||\||||\00|\0\ger\d
=041  \\$ager$aeng
=100  \\$4aut$aTromlitz, Johann George$d1725-1805$1http://www.wikidata.org/entity/Q95697$910446
=245  \\$aAusführlicher und Gründlicher Unterricht die Flöte zu spielen
=250  \\$aSecond Reprint
=260  \\$a1985$bFrits Knuf$cBuren
=300  \\$a376 pages
=336  \\$aprinted
=490  \\$aThe Flute Library$vVolume 1
=648  \0$a18th Century (1701-1800)$1http://www.wikidata.org/entity/Q7015$920899
=650  \0$aFlute$1http://www.wikidata.org/entity/Q11405$921276
=650  \0$aMethod$1http://www.wikidata.org/entity/Q2250960$921402
=651  \0$aAugsburg (Germany)$1http://www.wikidata.org/entity/Q2749$921699
=700  \\$4win$aVester, Frans$d1922-1987$915260
=942  \\$cBOO
=952  \\$00$10$2ddc$40$6INS_6_000000000000000_2C_TROM$70$8INS$920905$aORPH$bORPH$cKTS0$d2020-07-08$eKoopman$i14G14$l0$oINS6.2c TROM$p20126238$r2021-11-05 00:00:00$w2021-11-05$yBOO
=999  \\$d20514

