=LDR  00857nam a22002057a 4500
=001  20515
=008  211105r17601980nl\h||||\||||\00|\0\fre\d
=041  \\$afre$aeng
=100  \\$4aut$aDelusse, Charles$1http://www.wikidata.org/entity/Q1066578$922727
=245  \\$aL'Art de la flûte traversière
=260  \\$aBuren$bKnuf$c1980
=300  \\$a59 pages
=490  \\$aThe Flute Library$vVolume 10
=648  \0$a18th Century (1701-1800)$1http://www.wikidata.org/entity/Q7015$920899
=650  \0$aFlute$1http://www.wikidata.org/entity/Q11405$921276
=650  \0$aMethod$1http://www.wikidata.org/entity/Q2250960$921402
=700  \\$4ctb$aMoens-Hanen, Greta$922728
=942  \\$cBOO
=952  \\$00$10$2ddc$40$6INS_6_000000000000000_2C_DELU$70$8INS$920906$aORPH$bORPH$cKTS0$d2020-07-08$eKoopman$i14C56$oINS6.2c DELU$p20126156$r2021-11-05 00:00:00$w2021-11-05$yBOO
=999  \\$d20515

