=LDR  01563cam a2200337 a 4500
=001  20518
=005  20250926134858.0
=008  970106s1996\\\\gw\ah\\\\b\\\\001\0bger\\
=010  \\$a   97101190 
=020  \\$a342105052X
=040  \\$aOI
=041  \\$ager
=100  \\$aKüster, Konrad$d1959-$4aut$912242
=245  14$aDer junge Bach
=260  \\$aStuttgart$bDeutsche Verlags-Anstalt$c1996
=300  \\$a240 pages$bill., facsims.$c22 cm
=500  \\$aMap and genealogical table on lining papers.
=504  \\$aIncludes bibliographical references (p. 228-234) and index.
=600  \0$aBach, Johann Sebastian$d1685-1750$1http://www.wikidata.org/entity/Q1339$94766
=648  \0$a18th Century (1701-1800)$1http://www.wikidata.org/entity/Q7015$920899
=650  \0$aComposer$1http://www.wikidata.org/entity/Q36834$93625
=650  \0$aBiography$1http://www.wikidata.org/entity/Q36279$91927
=651  \0$aEisenach (Germany)$1http://www.wikidata.org/entity/Q7070$922310
=651  \0$aOhdruf (Germany)$1http://www.wikidata.org/entity/Q502714$922734
=651  \0$aLüneburg (Germany)$1http://www.wikidata.org/entity/Q3920$922736
=651  \0$aSangerhausen (Germany)$1http://www.wikidata.org/entity/Q502434$922738
=651  \0$aWeimar (Germany)$1http://www.wikidata.org/entity/Q3955$921645
=651  \0$aArnstadt (Germany)$1http://www.wikidata.org/entity/Q490665$922739
=942  \\$cBOO
=952  \\$00$10$2ddc$40$6BIO_BACH1_E$70$8BIO$920909$aORPH$bORPH$cKTS1_P$d2020-07-08$eKoopman$i44B17$oBIO BACH1 e$p20126695$r2021-11-08 00:00:00$w2021-11-08$yBOO
=999  \\$d20518

