=LDR  02019nam a22003137a 4500
=001  20519
=005  20250926134858.0
=008  211108s1999\\\\|||a||||\||||\00|\0dger\d
=041  \\$ager
=100  \\$4aut$aRöhring, Klaus$922740
=245  \\$aBach 2000
=260  \\$aKassel$bBärenreiter$c1999
=300  \\$a100 pages
=490  \\$aMusik und Kirche$v69/4
=505  \\$aMartin Geck: Bachs Musik, Bachs Credo -- Ulrich Siegele: Die wundersame Karriere des Johann Sebastian Bach -- Diethard Hellmann: Gedanken zur Bach-Pflege nach der Jahrtausend-Wende-Eine Skizze -- Georg Christoph Biller: "Soli Deo Gloria". Der Thomanerchor am Beginn des 21. Jahrhunderts -- Ullrich Böhme: Thomasorganist und Thomasorgeln -- Martin Petzoldt: Das Bach-Fenster in der Thomaskirche ... Drie Dirigenten über ihre Einspielungen von Bachs Kantaten: Helmuth Rilling, Ton Koopman, Masaaki Suzuki -- Diskussion: Das Problem der solistischen Besetzung von Bachs Chören
=600  \0$aBach, Johann Sebastian$d1685-1750$1http://www.wikidata.org/entity/Q1339$94766
=600  \0$aKoopman, Ton$d1944-$1http://www.wikidata.org/entity/Q445121$910491
=610  \0$aThomaskirche (Leipzig, Germany)$1http://www.wikidata.org/entity/Q170402$922279
=648  \0$a18th Century (1701-1800)$1http://www.wikidata.org/entity/Q7015$920899
=648  \0$a20th Century (1901-2000)$1http://www.wikidata.org/entity/Q6927$920936
=650  \0$aComposer$1http://www.wikidata.org/entity/Q36834$93625
=650  \0$aOrgan$1http://www.wikidata.org/entity/Q1444$92810
=650  \0$aChoir$1http://www.wikidata.org/entity/Q131186$93338
=650  \0$aCantata$1http://www.wikidata.org/entity/Q174873$921603
=650  \0$aHistorically informed performance$1http://www.wikidata.org/entity/Q1344860$920980
=651  \0$aLeipzig (Germany)$1http://www.wikidata.org/entity/Q2079$945
=942  \\$cBOO
=952  \\$00$10$2ddc$40$6BIO_BACH1_E$70$8BIO$920910$aORPH$bORPH$cKTS0$d2020-07-08$eKoopman$i22E38$l0$oBIO BACH1 e$p20137398$r2021-11-08 00:00:00$w2021-11-08$yBOO
=999  \\$d20519

