=LDR  01204pam a2200289 a 4500
=001  20520
=005  20250311101023.0
=008  820716s1983\\\\miuag\\\\b\\\\001\0\eng\\
=020  \\$a0835713679
=040  \\$aOI
=041  \\$aeng
=100  \\$aWitherell, Anne L.$4aut$922742
=245  10$aLouis Pécour's 1700 Recueil de dances
=260  \\$aAnn Arbor, MI$bUMI Research Press$c1983
=300  \\$avi-296 pages$billustrations, music$c24 cm
=490  \\$aStudies in Musicology$v60
=500  \\$aRevision of the author's thesis (Stanford University, 1981)
=500  \\$aIncludes index.
=504  \\$aBibliography: p. [287]-293.
=600  \0$aPécourt, Guillaume Louis$d1653-1729$1http://www.wikidata.org/entity/Q1358386$922743
=648  \0$a17th Century (1601-1700)$1http://www.wikidata.org/entity/Q7016$920923
=650  \0$aDance$1http://www.wikidata.org/entity/Q6034$924845
=650  \0$aDance notation$1http://www.wikidata.org/entity/Q34175$922744
=651  \0$aFrance$1http://www.wikidata.org/entity/Q142$9131
=942  \\$cBOO
=952  \\$00$10$2ddc$40$6BIO_PECO_E$70$8BIO$920912$aORPH$bORPH$cKTS1_P$d2020-07-08$eKoopman$i21B34$oBIO PECO e$p20137399$r2021-11-08 00:00:00$w2021-11-08$yBOO
=999  \\$d20520

