=LDR  01056nam a22002417a 4500
=001  20521
=005  20250925143307.0
=008  211108s1956\\\\\\\o||||\||||\00|\0cdan\d
=041  \\$adan$ager$aeng
=100  \\$4aut$910976$aFriis, Niels
=245  \\$aMarcussen & Søn.$b1806-1956
=260  \\$as.l.$bAabenraa$c1956
=300  \\$a115 pages
=504  \\$aContains résumés in German and English
=610  \0$aMarcussen & Søn (Denmark)$1http://www.wikidata.org/entity/Q694082$922745
=648  \0$a19th Century (1801-1900)$1http://www.wikidata.org/entity/Q6955$920935
=648  \0$a20th Century (1901-2000)$1http://www.wikidata.org/entity/Q6927$920936
=650  \0$aOrgan$1http://www.wikidata.org/entity/Q1444$92810
=650  \0$aBiography$1http://www.wikidata.org/entity/Q36279$91927
=651  \0$aDenmark$1http://www.wikidata.org/entity/Q35$921295
=942  \\$cBOO
=952  \\$00$10$2ddc$40$6INS_3_000000000000000_1B_MARC$70$8INS$920913$aORPH$bORPH$cKTS0$d2020-07-08$eKoopman$i28E03$l0$oINS3.1b MARC$p20137400$r2021-11-08 00:00:00$w2021-11-08$yBOO
=999  \\$d20521

