=LDR  01179cam a2200265   4500
=001  20522
=005  20251003085500.0
=008  701231s1970\\\\ncugh\\\\bc\\\001\0\eng\\
=020  \\$a0807811246
=040  \\$aOI
=041  \\$aeng
=100  \\$aGombosi, Marilyn$4edt$922748
=245  10$aCatalog of the Johannes Herbst Collection
=260  \\$aChapel Hill, NC$bUniversity of North Carolina Press$c1970
=300  \\$axix-255 pages$c24 cm
=500  \\$aThematic catalog of Moravian Church music copied by Johannes Herbst.
=600  \0$aHerbst, Johannes$d1735-1812$1http://www.wikidata.org/entity/Q18716100$922747
=610  \0$aMoravian Church$1http://www.wikidata.org/entity/Q159318$922749
=650  \0$aChurch music$1http://www.wikidata.org/entity/Q8812109$92283
=650  \0$aManuscript$1http://www.wikidata.org/entity/Q87167$92275
=650  \0$aLibrary$1http://www.wikidata.org/entity/Q7075$94229
=650  \0$aCatalogue$1http://www.wikidata.org/entity/Q2352616$921484
=942  \\$cBOO
=952  \\$00$10$2ddc$40$6BIB_4_000000000000000_US_WIN$70$8BIB$920919$aORPH$bORPH$cKTS0$d2020-07-08$eKoopman$i30B59$l0$oBIB4 US.WIN$p20137402$r2021-11-08 00:00:00$w2021-11-08$yBOO
=999  \\$d20522

