=LDR  01395cam a22002771  4500
=001  20523
=005  20250120120519.0
=008  831111m19241925enkfhc\\\b\\\\000\0aeng\\
=040  \\$aOI
=041  1\$aeng$hger
=100  \\$aCharlotte-Elisabeth$cDuchesse d'Orléans$d1651-1721$4crp$1http://www.wikidata.org/entity/Q57221$922751
=245  14$aThe Letters of Madame:$bThe Correspondence of Elizabeth-Charlotte of Bavaria, Princess Palatine, Duchess of Orleans, called "Madame" at the Court of King Louis XIV. 1661-1708
=260  \\$aNew York$bAppleton$c1924
=300  \\$a288 pages$c22 cm
=504  \\$aBibliography: vol. I, p. [278]-279.
=561  \\$aEx libris Florence D. and Paul W. Jones (plate)
=590  \\$aTranslated and edited by Gertrude Scott Stevenson, M.A.
=610  \0$aChâteau de Versailles (France)$1http://www.wikidata.org/entity/Q2946$920958
=610  \0$aChâteau de Fontainebleau (France)$1http://www.wikidata.org/entity/Q201428$920956
=648  \0$a17th Century (1601-1700)$1http://www.wikidata.org/entity/Q7016$920923
=650  \0$aCorrespondence$1http://www.wikidata.org/entity/Q1784733$921392
=650  \0$aCourt$922191
=700  \\$aStevenson, Gertrude Scott$4trl$4edt$922752
=942  \\$cBOO
=952  \\$00$10$2ddc$40$6BIO_ELIS_A$70$8BIO$920920$aORPH$bORPH$cKTS1_P$d2020-07-08$eKoopman$i35A47$l0$oBIO ELIS a$p20137403$r2021-11-08 00:00:00$w2021-11-08$yBOO
=999  \\$d20523

