=LDR  01018nam a22002297a 4500
=001  20524
=008  211108r17801983|||h||||\||||\00|\0\eng\d
=041  \\$aeng
=100  \\$4aut$aFischer, Johann Christian$d1733-1800$1http://www.wikidata.org/entity/Q820692$97908
=245  \\$aNew and Complete Instruction for the Oboe or Hoboy
=260  \\$aAnn Arbor$bEarly Music Facsimiles$c1983
=300  \\$a36 pages
=336  \\$aprinted
=500  \\$aSee 16B09 for original edition
=590  \\$aComplete Facsimile Edition of the copy from The Library of Congress
=648  \0$a18th Century (1701-1800)$1http://www.wikidata.org/entity/Q7015$920899
=650  \0$aOboe$1http://www.wikidata.org/entity/Q8377$91905
=650  \0$aMethod$1http://www.wikidata.org/entity/Q2250960$921402
=700  \\$4win$aHendrick, Peter$922754
=942  \\$cBOO
=952  \\$00$10$2ddc$40$6INS_6_000000000000000_3C_FISC$70$8INS$920921$aORPH$bORPH$cKTS0$d2020-07-08$eKoopman$i13A27$l0$oINS6.3c FISC$p20121971$r2021-11-08 00:00:00$w2021-11-08$yBOO
=999  \\$d20524

