=LDR  01128pam a2200253 a 4500
=001  20526
=008  910926s1992\\\\-usa\\\\\b\\\\001\0\eng\\
=010  \\$a   91034794 
=020  \\$a0914913158 (alk. paper)
=041  \\$aeng
=100  \\$aHaynes, Bruce$d1942-2011$4aut$1http://www.wikidata.org/entity/Q4977636$911462
=245  10$aMusic for Oboe, 1650-1800.$bA Bibliography
=250  \\$a2nd ed., rev. and expanded.
=260  \\$aBerkeley$bFallen Leaf Press$c1992
=300  \\$axxv-432 pages$bill. $c27 cm.
=500  \\$aIncludes index.
=648  \0$a17th Century (1601-1700)$1http://www.wikidata.org/entity/Q7016$920923
=648  \0$a18th Century (1701-1800)$1http://www.wikidata.org/entity/Q7015$920899
=648  \0$a19th Century (1801-1900)$1http://www.wikidata.org/entity/Q6955$920935
=650  \0$aOboe$1http://www.wikidata.org/entity/Q8377$91905
=650  \0$aMusic history$1http://www.wikidata.org/entity/Q846047$921373
=942  \\$cBOO
=952  \\$00$10$2ddc$40$6INS_6_000000000000000_3A$70$8INS$920924$aORPH$bORPH$cKTS0$d2020-07-08$eKoopman$i20E50$l0$oINS6.3a$p20125384$r2021-11-08 00:00:00$w2021-11-08$yBOO
=999  \\$d20526

