=LDR  01437cam a2200265 a 4500
=001  20527
=005  20251103124736.0
=008  091006s2001\\\\-uka\\\\\b\\\\001\0\eng\d
=041  \\$aeng
=100  \\$aHaynes, Bruce$d1942-2011$4aut$1http://www.wikidata.org/entity/Q4977636$911462
=245  14$aThe Eloquent Oboe:$bA History of the Hautboy 1640-1760
=260  \\$aOxford $aNew York $bOxford University Press$c2001
=300  \\$axxix-528 pages$bill. $c26 cm.
=490  1\$aOxford Early Music Series
=500  \\$aWith a handwritten dedication by the author to Ton Koopman, thanking him for the use of his library "and your fabulous indexing system". 
=504  \\$aIncludes bibliographical references (p. [491]-518) and index.
=650  \0$aOboe$1http://www.wikidata.org/entity/Q8377$91905
=650  \0$aMusic history$1http://www.wikidata.org/entity/Q846047$921373
=650  \0$aMusical interpretation$1http://www.wikidata.org/entity/Q1668139$94533
=700  \\$aBrüggen, Frans$d1934-2014$1http://www.wikidata.org/entity/Q711810$4win$4dte$917642
=700  \\$aLeonhardt, Gustav$d1928-2012$1http://www.wikidata.org/entity/Q51584$4dte$917151
=856  \\$uhttp://www.loc.gov/catdir/enhancements/fy0610/00050419-d.html$3Publisher description
=942  \\$cBOO
=952  \\$00$10$2ddc$40$6INS_6_000000000000000_3A$70$8INS$920925$aORPH$bORPH$cKTS0$d2020-07-08$eKoopman$i28C24$oINS6.3a$p20121416$r2021-11-08 00:00:00$w2021-11-08$yBOO
=999  \\$d20527

