=LDR  01644nam a2200349 a 4500
=001  20528
=005  20250218142957.0
=008  971030s1997\\\\gw\g\\\\\b\\\\100\0\ger\d
=010  \\$a   97210103 
=020  \\$a3895640425
=040  \\$aOI
=041  \\$ager
=245  00$aAspekte der englisch-deutschen Musikgeschichte im 17. und 18. Jahrhundert
=260  \\$aSingiz$bStudio$c1997
=300  \\$a181 pages$c21 cm
=490  \\$aArolser Beiträge zur Musikforschung$v5
=500  \\$a"11. Arolser Barock-Festspiele 1996, Tagungsbericht"--Ser. t.p.
=504  \\$aIncludes bibliographical references.
=590  \\$a11. Arolser Barock-Festspiele 1996. Tagungsbericht
=600  \0$aHandel, George Frideric$d1685-1759$1http://www.wikidata.org/entity/Q7302$94765
=600  \0$aSmith, John Christopher$d1683-1763$1http://www.wikidata.org/entity/Q11727869$910324
=600  \0$aArnold, Samuel$d1740-1802$1http://www.wikidata.org/entity/Q1379741$96562
=600  \0$aTelemann, Georg Philipp$d1681-1767$1http://www.wikidata.org/entity/Q75854$99287
=648  \0$a18th Century (1701-1800)$1http://www.wikidata.org/entity/Q7015$920899
=650  \0$aMusic history$1http://www.wikidata.org/entity/Q846047$921373
=651  \0$aGermany$1http://www.wikidata.org/entity/Q183$9155
=651  \0$aUnited Kingdom$1http://www.wikidata.org/entity/Q21$9273
=700  \\$aBrusniak, Friedhelm$4edt$914569
=700  \\$aClostermann, Annemarie$d1956-$4edt$914570
=942  \\$cBOO
=952  \\$00$10$2ddc$40$6TOP_GB_5_000000000000000$70$8TOP$920926$aORPH$bORPH$cKTS0$d2020-07-08$eKoopman$i21F13b$l0$oTOP GB 5$p20137406$r2021-11-08 00:00:00$w2021-11-08$yBOO
=999  \\$d20528

