=LDR  01022nam a22002057a 4500
=001  20531
=008  211108s1997\\\\\\\o||||\||||\00|\0\fre\d
=020  \\$a2930130016
=041  \\$afre
=100  \\$4aut$aMilliot, Sylvette$912779
=245  \\$aHistoire de la lutherie parisienne du XVIIIe siècle à 1960 = History of the parisian violin making from the XVIIIth century to 1960 [sic]$nTome II$pLes luthiers du XVIIIe siècle = The violin makers of the XVIIIth century
=260  \\$aSpa$bLes Amis de la Musique$c1997
=300  \\$a386 pages
=648  \0$a18th Century (1701-1800)$1http://www.wikidata.org/entity/Q7015$920899
=650  \0$aViolin$1http://www.wikidata.org/entity/Q8355$92783
=650  \0$aOrganology$1http://www.wikidata.org/entity/Q899293$921400
=651  \0$aFrance$1http://www.wikidata.org/entity/Q142$9131
=942  \\$cBOO
=952  \\$00$10$2ddc$40$6INS_4_000000000000000_1B_FR$70$8INS$920931$aORPH$bORPH$cKTS0$d2020-07-08$eKoopman$i20A28$l0$oINS4.1b FR$p20137411$r2021-11-08 00:00:00$w2021-11-08$yBOO
=999  \\$d20531

