=LDR  01016cam a2200193 i 4500
=001  20538
=008  121115s2013\\\\-usa\\\\\b\\\\001\0\eng\\
=041  \\$aeng
=100  \\$aVignau, Charlotte$d1974-$4aut$922772
=245  10$aModernity, complex societies, and the alphorn
=260  \\$aMaryland$bLexington Books$c2013
=300  \\$axiv-315 pages$billustrations$c24 cm
=504  \\$aIncludes bibliographical references (pages 269-304) and index.
=505  0\$aThe alphorn, alphorn performance and alphorn music: a national symbol of Switzerland? - On video and film in ethnomusicology - The migration of the alphorn phenomenon three case studies: Allgäu, the Netherlands and Japan.
=650  \0$aMusic history$1http://www.wikidata.org/entity/Q846047$921373
=650  \0$aAlphorn$1http://www.wikidata.org/entity/Q685206$922773
=942  \\$cBOO
=952  \\$00$10$2ddc$40$6INS_7_000000000000000_9A$70$8INS$920951$aORPH$bORPH$cKTS0$d2020-07-08$eKoopman$i45A10$l0$oINS7.9a$p20127439$r2021-11-09 00:00:00$w2021-11-09$yBOO
=999  \\$d20538

