=LDR  00974nam a22002057a 4500
=001  20540
=008  211109r17951966|||h||||\||||\00|\0\ger\d
=041  \\$ager
=100  \\$aAltenburg, Johann Ernst$4aut$1http://www.wikidata.org/entity/Q530491$922786
=245  10$aVersuch einer Anleitung zur heroisch-musikalischen Trompeter- und Pauker Kunst
=260  \\$bAntiqua$c1966$aAmsterdam
=300  \\$a144 pages
=534  \\$cHalle, Hendel 1795
=590  \\$azu mehrerer Aufnahme derselben historisch, theoretisch und praktisch beschrieben und mit Exempeln erläutert
=648  \0$a18th Century (1701-1800)$1http://www.wikidata.org/entity/Q7015$920899
=650  \0$aMethod$1http://www.wikidata.org/entity/Q2250960$921402
=650  \0$aTrumpet$1http://www.wikidata.org/entity/Q8338$92388
=942  \\$cBOO
=952  \\$00$10$2ddc$40$6INS_7_000000000000000_3C$70$8INS$920953$aORPH$bORPH$cKTS0$d2020-07-08$eKoopman$i14C36$l0$oINS7.3c$p20126184$r2021-11-09 00:00:00$w2021-11-09$yBOO
=999  \\$d20540

