=LDR  03023nam a22002417a 4500
=001  20541
=008  211109r16681970-ukh||||\||||\00|\0\eng\d
=041  \\$aeng
=100  1\$aStedman, Fabian$d1640-1713$4aut$926734$1http://www.wikidata.org/entity/Q7325289
=245  \\$aTintinnalogia. Or The Art of Ringing.$bWherein Is laid down plain and easie Rules for Ringing all sorts of Plain Changes, together with Directions for Pricking and Ringing all Cross Peals; with a full Discovery of the Mystery and Grounds of each Peal
=260  \\$aBath$bKingsmead Reprints$c1970
=300  \\$a136 pages
=500  \\$aFabian Stedman (1640–1713) was an English author and a leading figure in the early history of campanology, particularly in the field of method ringing. He had a key role in publishing two books Tintinnalogia (1668 with Richard Duckworth) and Campanalogia (1677 – written solely by him) which are the first two publications on the subject. He is also regarded as being a pioneer in the branch of mathematics known as Group theory.
=500  \\$aMethod ringing (also known as scientific ringing) is a form of change ringing in which the ringers commit to memory the rules for generating each change of sequence, and pairs of bells are affected. This creates a form of bell music which is continually changing, but which cannot be discerned as a conventional melody. It is a way of sounding continually changing mathematical permutations.

It is distinct from call changes, where the ringers are instructed on how to generate each new change by calls from a conductor, and strictly, only two adjacent bells swap their position at each change.

In method ringing, the ringers are guided from permutation to permutation by following the rules of a method. Ringers typically learn a particular method by studying its "blue line", a diagram which shows its structure.

The underlying mathematical basis of method ringing is intimately linked to group theory. The basic building block of method ringing is plain hunt.

The first method, Grandsire, was designed around 1650, probably by Robert Roan who became master of the College Youths change ringing society in 1652.[1] Details of the method on five bells appeared in print in 1668 in Tintinnalogia (Fabian Stedman with Richard Duckworth) and Campanalogia (1677 – written solely by Stedman), which are the first two publications on the subject.
[https://en.wikipedia.org/wiki/Method_ringing]
=534  \\$cLondon, 1668.
=648  \0$a17th Century (1601-1700)$1http://www.wikidata.org/entity/Q7016$920923
=650  \0$aBell$1http://www.wikidata.org/entity/Q101401$922519
=650  \0$aMethod$1http://www.wikidata.org/entity/Q2250960$921402
=700  \\$aDuckworth, Richard$1http://www.wikidata.org/entity/Q7325289$4aut$922794
=700  \\$4win$aSharpe, Frederick$922795
=942  \\$cBOO
=952  \\$00$10$2ddc$40$6INS_10_000000000000000_3C$70$8INS$920958$aORPH$bORPH$cKTS0$d2020-07-08$eKoopman$i13H09$l0$oINS10.3c$p20124980$r2021-11-09 00:00:00$w2021-11-09$yBOO
=999  \\$d20541

