=LDR  00897nam a22001937a 4500
=001  20542
=008  211110r17781927nl\h||||\||||\00|\0\dut\d
=041  \\$adut
=100  \\$4aut$aHemony, Pieter$1http://www.wikidata.org/entity/Q141451$922797
=245  \\$aOn-noodzakelijkheid en ondienstigheid van Cis en Dis In de bassen der klokken
=260  \\$aAmsterdam$bDe Spieghel$c1927
=300  \\$axi-14 pages
=648  \0$a17th Century (1601-1700)$1http://www.wikidata.org/entity/Q7016$920923
=650  \0$aBell$1http://www.wikidata.org/entity/Q101401$922519
=650  \0$aOrganology$1http://www.wikidata.org/entity/Q899293$921400
=651  \0$aAmsterdam (Netherlands)$1http://www.wikidata.org/entity/Q727$9135
=942  \\$cBOO
=952  \\$00$10$2ddc$40$6INS_10_000000000000000_3C$70$8INS$920962$aORPH$bORPH$cKTS0$d2020-07-08$eKoopman$i14J03$l0$oINS10.3c$p20124853$r2021-11-10 00:00:00$w2021-11-10$yBOO
=999  \\$d20542

