=LDR  01020nam a2200241 i 4500
=001  20543
=008  780209r19741793sz\h\\\\\\\\\\000\0\fre\\
=020  \\$a2826604295
=041  \\$afre
=100  1\$aVandenbroek, Othon-Joseph$d1758-1832$4aut
=245  10$aTraité général de tous les instruments à vent à l'usage des compositeurs
=260  \\$aGeneva$bMinkoff$c1974
=300  \\$a65 pages$c31 cm
=500  \\$aFacsimile
=534  \\$cParis: Boyer, c. 1794
=648  \0$a18th Century (1701-1800)$1http://www.wikidata.org/entity/Q7015$920899
=650  \0$aOrchestration$1http://www.wikidata.org/entity/Q3367000$921045
=650  \0$aWind instrument$1http://www.wikidata.org/entity/Q173453$94615
=650  \0$aMethod$1http://www.wikidata.org/entity/Q2250960$921402
=651  \0$aParis (France)$1http://www.wikidata.org/entity/Q90$9160
=942  \\$cBOO
=952  \\$00$10$2ddc$40$6INS_6C_VAND$70$8INS$920967$aORPH$bORPH$cKTS0$d2020-07-08$eKoopman$i12D14$oINS6c VAND$p20137717$r2021-11-15 00:00:00$w2021-11-15$yBOO
=999  \\$d20543

