=LDR  00845nam a22001937a 4500
=001  20545
=008  211119r16821984sz\h||||\||||\00|\0\fre\d
=041  \\$afre
=100  \\$4aut$aGrenerin, Henry$dfl. 1641-1680$922973
=245  \\$aLivre de Théorbe
=260  \\$aGeneva$bMinkoff Reprint$cca. 1682$c1984
=300  \\$a18 pages
=648  \0$a17th Century (1601-1700)$1http://www.wikidata.org/entity/Q7016$920923
=650  \0$aThirty Years' War (1618-1648)$1http://www.wikidata.org/entity/Q2487$922958
=650  \0$aBasso continuo$1http://www.wikidata.org/entity/Q724321$921065
=650  \0$aMethod$1http://www.wikidata.org/entity/Q2250960$921402
=942  \\$cBOO
=952  \\$00$10$2ddc$40$6INS_5_000000000000000_1C_GREN$70$8INS$920986$aORPH$bORPH$cKTS0$d2020-07-08$eKoopman$i13I25$l0$oINS5.1c GREN$p20126442$r2021-11-19 00:00:00$w2021-11-19$yBOO
=999  \\$d20545

