=LDR  01042nab a22002057a 4500
=001  20558
=005  20250926134858.0
=008  211126s1971\\\\\\\|||||\||||\00|\0\eng\d
=041  \\$aeng
=100  \\$4aut$aWolff, Christoph$d1940-$1http://www.wikidata.org/entity/Q66488$910387
=245  \\$aNew Research on Bach's Musical Offering
=500  \\$aOffprint from The Musical Quarterly, vol. LVII, no. 3 (July, 1971), 379-408
=561  \\$aContains a letter with a handwritten dedication from Christoph Wolff to Gustav Leonhardt
=600  \0$aBach, Johann Sebastian$d1685-1750$1http://www.wikidata.org/entity/Q1339$94766
=648  \0$a18th Century (1701-1800)$1http://www.wikidata.org/entity/Q7015$920899
=650  \0$aInstrumental music$1http://www.wikidata.org/entity/Q639197$92106
=651  \0$aGermany$1http://www.wikidata.org/entity/Q183$9155
=942  \\$cPER
=952  \\$00$10$2ddc$40$6BIO_BACH1_E$70$8BIO$921016$aORPH$bORPH$cKTS1_P$d2020-07-08$eKoopman$iTS Musical Quart. 1971$oBIO BACH1 e$p20125981$r2021-11-26 00:00:00$w2021-11-26$yPER
=999  \\$d20558

