=LDR  01281nas a22002657a 4500
=001  20559
=005  20250926134858.0
=008  211126s2015\\\\\\\|||||\||||\00|\0\ger\d
=041  \\$ager
=110  \\$4edt$aNeue Bachgesellschaft (Leipzig, Germany)$1http://www.wikidata.org/entity/Q318826$91663
=245  \\$aZum Tode von Martin Petzoldt
=246  \1$aSonderheft aus Anlass des Todes von Prof. Dr. theol. Martin Petzoldt
=260  \\$aLeipzig$bNeue Bachgesellschaft$c2015
=300  \\$a54 pages
=490  \\$aNeue Bach Gesellschaft e.V. Mitteilungsblatt$v76
=600  \0$aPetzoldt, Martin$d1946-2015$915718
=600  \0$aBach, Johann Sebastian$d1685-1750$1http://www.wikidata.org/entity/Q1339$94766
=648  \0$a20th Century (1901-2000)$1http://www.wikidata.org/entity/Q6927$920936
=648  \0$a21st Century (2001-2100)$1http://www.wikidata.org/entity/Q6939$920812
=650  \0$aMusicologist$1http://www.wikidata.org/entity/Q14915627$92342
=650  \0$aBiography$1http://www.wikidata.org/entity/Q36279$91927
=651  \0$aGermany$1http://www.wikidata.org/entity/Q183$9155
=942  \\$cBOO
=952  \\$00$10$2ddc$40$6BIO_PETZ_D$70$8BIO$921017$aORPH$bORPH$cKTS1_P$d2020-07-08$eKoopman$iTS BACH Jb bij 2015$l0$oBIO PETZ d$p20138962$r2021-11-26 00:00:00$w2021-11-26$yBOO
=999  \\$d20559

