=LDR  01207nam a22002177a 4500
=001  20575
=008  211208b\\\\\\\\||||||||\||||\00|\d\\\\\d
=041  \\$adut
=100  \\$4aut$aVondel, Joost van den$d1587-1679$1http://www.wikidata.org/entity/Q312673$95247
=245  \\$aTreurspelen
=300  \\$a2 vols.
=500  \\$aa convolute 'Vondel Treurspelen, vol. 1' (c. 1700) 
=561  \\$aEx libris Jan van den Arend (stamp, ms. shelfmark no. 363)
=610  \0$aStadsschouwburg Amsterdam (Netherlands)$1http://www.wikidata.org/entity/Q1817103$921020
=648  \0$a17th Century (1601-1700)$1http://www.wikidata.org/entity/Q7016$920923
=650  \0$aTransposition$1http://www.wikidata.org/entity/Q815323$93154
=651  \0$aAmsterdam (Netherlands)$1http://www.wikidata.org/entity/Q727$9135
=942  \\$cBOO
=952  \\$00$10$2ddc$3vol. 1$40$6KTS_1_000000000000000_C1_56_02F17_01$70$8RAR$921060$aORPH$bORPH$cKTS1_C1$d2020-07-08$eKoopman$oKTS1 C1.56 02F17_01$p20137926$r2021-12-08 00:00:00$w2021-12-08$yBOO
=952  \\$00$10$2ddc$3vol. 2$40$6KTS_1_000000000000000_C1_56_02F17_02$70$8RAR$921213$aORPH$bORPH$cKTS1_C1$d2020-07-08$eKoopman$l0$oKTS1 C1.56 02F17_02$p20134272$r2022-01-18 00:00:00$w2021-12-08$yBOO
=999  \\$d20575

