=LDR  00968nam a22002297a 4500
=001  20579
=008  211209r17411966fr\h||||\||||\00|\0\fr\\d
=041  \\$afre
=100  1\$4aut$aTerrasson, Antoine
=245  \\$aDissertation historique sur la vielle
=260  \\$aAmsterdam$bAntiqua$c1966
=300  \\$a108 pages
=336  \\$aprinted
=500  \\$aunchanged reprint of the original edition, with kind permission of the Municipal Museum of The Hague.
=534  \\$cLamesle, Paris 1741
=650  \0$aVielle$1http://www.wikidata.org/entity/Q843679$922318
=650  \0$aMusic history$1http://www.wikidata.org/entity/Q846047$921373
=651  \0$aFrance$1http://www.wikidata.org/entity/Q142$9131
=856  \\$uhttps://gallica.bnf.fr/view3if/ga/ark:/12148/btv1b100710541$3Gallica
=942  \\$cBOO
=952  \\$00$10$2ddc$40$6INS_4_000000000000000_6A$70$8INS$921070$aORPH$bORPH$cKTS0$d2020-07-08$eKoopman$i13B34$oINS4.6a$p20124478$r2021-12-09 00:00:00$w2021-12-09$yBOO
=999  \\$d20579

