=LDR  00627nam a22001457a 4500
=001  20584
=008  211217m\\\\\\\\||||||||\||||\00|\d\dut\d
=041  \\$adut
=245  \\$aDuytse lier, Roozelyns oogjes & Rixtels Mengelrymen
=500  \\$aConvolute
=501  \\$aA   Luyken, Jan	Duytse lier
B   Jonctys, Daniël	Roozelyns oogjes
C   Rixtel, Pieter	Mengelrymen
=561  \\$aEx libris Eck ante omnia silvae (plate)
=942  \\$cBOO
=952  \\$00$10$2ddc$40$6KTS_1_000000000000000_C1_60_09D18AC$70$8RAR$921100$aORPH$bORPH$cKTS1_C1$d2020-07-08$eKoopman$i09D18a-c$l0$oKTS1 C1.60 09D18a-c$p20138032$r2021-12-17 00:00:00$w2021-12-17$yBOO
=999  \\$d20584

