=LDR  01686ncm a22002657a 4500
=001  20586
=008  211221s1797\\\\|||||k||\||||\00|\0\dut\d
=041  \\$adut
=059  \\$av
=245  \\$aChristelijke gezangen voor de openbaare godsdienstoefeningen
=260  \\$aAmsterdam$bSepp en Zoon$c1797
=300  \\$axvi-380 pages$bgilded edges
=336  \\$a printed
=501  \\$a'Het Boek der Psalmen; nevens de gezangen, bij de Hervormde Kerk in gebruik'
'Christelijke gezangen, ten gebruike der doopsgezinde gemeente, vergaderende by het lam en den toren, te Amsterdam'
=648  \0$a18th Century (1701-1800)$1http://www.wikidata.org/entity/Q7015$920899
=650  \0$aProtestantism$1http://www.wikidata.org/entity/Q23540$921012
=650  \0$aSong$1http://www.wikidata.org/entity/Q7366$94164
=651  \0$aAmsterdam (Netherlands)$1http://www.wikidata.org/entity/Q727$9135
=773  \\$01272$tHet Boek der Psalmen$w1272
=856  \\$uhttps://books.google.be/books?id=6D5nAAAAcAAJ&dq=Christelijke%20gezangen%20voor%20de%20openbaare%20godsdienstoefeningen&hl=nl&pg=PP3#v=onepage&q&f=false$3Google Books
=942  \\$cSCO
=952  \\$00$10$2ddc$40$6KTS_1_000000000000000_C1_61_06F02B$70$8RAR$921106$aORPH$bORPH$cKTS1_C1$d2020-07-08$eKoopman$i06F02b$oKTS1 C1.61 06F02b$r2021-12-21 00:00:00$w2021-12-21$ySCO
=952  \\$00$10$2ddc$40$6KTS_1_000000000000000_C1_61_06F02B$70$8RAR$923774$aORPH$bORPH$cKTS1_C1$d2020-07-08$eKoopman$i06F02b$l0$oKTS1 C1.61 06F02b$r2021-12-21 00:00:00$w2021-12-21$ySCO
=952  \\$00$10$2ddc$40$6KTS_1_000000000000000_C1_61_06F02B$70$8RAR$924013$aORPH$bORPH$cKTS1_C1$d2020-07-08$eKoopman$i06F02b$l0$oKTS1 C1.61 06F02b$r2021-12-21 00:00:00$w2021-12-21$ySCO
=999  \\$d20586

