=LDR  02030nam a22002777a 4500
=001  20591
=008  211222r19781709\\\a||||\||||\00|\0\ger\d
=041  \\$ager
=100  \\$4aut$aAbraham a Sancta Clara$d1644-1709$1http://www.wikidata.org/entity/Q61137$923312
=245  \\$aCenti-folium stultorum in Quarto.$bOder hundert Ausbündige Narren, in Folio
=260  \\$aDortmund$bHarenberg Kommunikation$c1978
=300  \\$a532 pages
=490  \\$aDie bibliophilen Taschenbücher
=500  \\$aAbraham a Sancta Clara (2 July 1644-1 December 1709), German divine, was born at Kreenheinstetten, near Meßkirch. His lay name was Johann Ulrich Megerle. He has been described as "a very eccentric but popular Augustinian monk".
=500  \\$aAmong the types evoked by Abraham a Sancta Clara, there is the "Antiquitet- oder Müntz-Narr", "Bücher-Narr", "Comedi- und Opera-Narr", "Feuerwerck-Narr", "Music Narr", "Nacht Music-Narr", "Tantz-Narr", etc.
=590  \\$aNeu aufgewärmet, und in einer Alapatrit-Pasteten zum Schau-Essen, mit hundert schönen Kupffer-Stichen, zur ehrlichen Ergötzung, und nutzlichen Zeit-Vertreibung, sowohl frölich- als melancholischen Gemüthern aufgesetzt; auch mit einer delicaten Brühe vieler artigen Historien, lustiger Fablen, kurtzweiliger Discursen, und erbaulichen Sitten-Lehren angerichtet.
=648  \0$a18th Century (1701-1800)$1http://www.wikidata.org/entity/Q7015$920899
=650  \0$aSatire$1http://www.wikidata.org/entity/Q128758$921636
=650  \0$aMoral education$1http://www.wikidata.org/entity/Q25457248$93171
=650  \0$aCollecting$1http://www.wikidata.org/entity/Q208165$92117
=650  \0$aOpera$1http://www.wikidata.org/entity/Q1344$92468
=650  \0$aFirework$1http://www.wikidata.org/entity/Q127933$923111
=651  \0$aGermany$1http://www.wikidata.org/entity/Q183$9155
=942  \\$cBOO
=952  \\$00$10$2ddc$40$6LIT_ABRA_A$70$8LIT$921113$aORPH$bORPH$cKM12_2_H$d2020-07-08$eKoopman$i13B21$l1$oLIT ABRA a$p20124491$r2022-01-03 00:00:00$s2021-12-22$w2021-12-22$yBOO
=999  \\$d20591

