=LDR  00921nab a22001937a 4500
=001  20592
=008  220103n\\\\\\\\\\\|||||\||||\00|\0\ger\d
=041  \\$ager
=245  \\$aTantz; Tantzen; Tantz-Kranckheit; Tantz-Kunst; Tantz-Lied; Tantz-Meister; Tantz-Teich
=260  \\$aMichaelstein$cs.d.
=300  \\$a[24] pages
=500  \\$aExcerpt in facsimile from 'Grosses vollständiges Universal-Lexicon aller Wissenschaften und Künste'
=648  \0$a18th Century (1701-1800)$1http://www.wikidata.org/entity/Q7015$920899
=650  \0$aDance$1http://www.wikidata.org/entity/Q6034$924845
=650  \0$aDictionary$1http://www.wikidata.org/entity/Q23622$921580
=651  \0$aGermany$1http://www.wikidata.org/entity/Q183$9155
=942  \\$cBOO
=952  \\$00$10$2ddc$40$6GEN_17_000000000000000$70$8GEN$921123$aORPH$bORPH$cKM12_1$d2020-07-08$eKoopman$iTS Michaelst Dok 28$l0$oGEN17$p20137583$r2022-01-03 00:00:00$w2022-01-03$yBOO
=999  \\$d20592

