=LDR  01201nac a22002537a 4500
=001  20610
=008  220107s1792\\\\\\\|||||\||||\00|\||fre\d
=041  \\$afre
=100  \\$4aut$aVoltaire$d1694-1778$1http://www.wikidata.org/entity/Q9068$95159
=245  \\$aŒuvres de Voltaire,$bnouvelle édition
=246  \1$aOeuvres de Voltaire
=260  \\$aParis$bStoupe$bServière$c1792
=300  \\$a55 vols.
=563  \\$aBindings have become brittle
=648  \0$a18th Century (1701-1800)$1http://www.wikidata.org/entity/Q7015$920899
=650  \0$aPhilosophy$1http://www.wikidata.org/entity/Q5891$92357
=650  \0$aEnlightenment$1http://www.wikidata.org/entity/Q12539$94532
=650  \0$aHistory$1http://www.wikidata.org/entity/Q309$921403
=650  \0$aPlay (theater)$1http://www.wikidata.org/entity/Q25379$921414
=651  \0$aFrance$1http://www.wikidata.org/entity/Q142$9131
=700  \\$4cmm$4edt$aPalissot de Montenoy, Charles$d1730-1814$1http://www.wikidata.org/entity/Q965322$95160
=942  \\$cBOO
=952  \\$00$10$2ddc$40$6KTS_1_000000000000000_C1_0305_03A0103C08$70$8RAR$921146$aORPH$bORPH$cKTS1_C1$d2020-07-08$eKoopman$oKTS1 C1.03-05 03A01-03C08$r2022-01-07 00:00:00$w2022-01-07$yBOO
=999  \\$d20610

