=LDR  01115cam a22002291  4500
=001  20620
=005  20250120120541.0
=008  860212r16122004fr\a\\\\\\\\\\000\0\lat\\
=010  \\$a   10012454 
=040  \\$aOI
=041  \\$alat
=050  00$aMT6.A2$bL47
=051  \\$aMicrofilm Music 5000 Item L-083, Reel 112$cMicrofilm. Washington, D.C. : Library of Congress, [1983]. 1 microfilm reel ; 35 mm. On reel with other titles.
=100  \\$aLippius, Johann,$d1585-1612$4aut$1http://www.wikidata.org/entity/Q95700$923417
=245  10$aSynopsis Musicæ Novæ omnino veræ atque Methodicæ Universæ, in omnis sophiæ prægustum Inventæ Disputatæ & Propositæ Omnibus Philomusis
=260  \\$aStrasbourg$bLedertz$c2004
=300  \\$a[160] pages$bfolded plate, diagrams$c18 cm
=648  \0$a17th Century (1601-1700)$1http://www.wikidata.org/entity/Q7016$920923
=650  \0$aMusic theory$1http://www.wikidata.org/entity/Q193544$92662
=942  \\$cBOO
=952  \\$00$10$2ddc$40$6TRE_LIPP$70$8TRE$921171$aORPH$bORPH$cKTS1_H$d2020-07-08$eKoopman$i13H13$l0$oTRE LIPP$p20124976$r2022-01-11 00:00:00$w2022-01-11$yBOO
=999  \\$d20620

