=LDR  02247nam a2200349 a 4500
=001  20632
=005  20250926134858.0
=008  860123s1985\\\\gw\a\\\\\\\\\\000\0\ger\\
=020  \\$a3795204607
=020  \\$a3795204593 (pbk.)
=040  \\$aOI
=041  \\$ager
=245  00$a300 Jahre Johann Sebastian Bach:$bsein Werk in Handschriften und Dokumenten, Musikinstrumente seiner Zeit, seine Zeitgenossen
=246  \1$aDreihundert Jahre Johann Sebastian Bach
=260  \\$aTutzing$bSchneider$c1985
=300  \\$a419 pages$billustrations (some color)$c28 cm
=505  \\$gVon den Quellen zur Neuen Bach-Ausgabe. Einige Bemerkungen zur Editionspraxis / G. von Dadelsen -- Handschriften und Faksimile-Ausgaben / A. Dürr -- Bach in seiner Zeit und in der Nachwelt / W. Gerstenberg -- Der Instrumentenbau in Leipzig zur Zeit Johann Sebastian Bachs / H. Heyde -- Restaurierungsbericht zu Johann Sebastian Bachs Kantaten BWV.180 und BWV.113 / G. Kallenbach -- Anmerkungen zum Instrumentarium in den Werken Johann Sebastian Bachs / U. Prinz -- Zu den Originalausgaben Johann Sebastian Bachs  / C. Wolff
=590  \\$aEine Ausstellung der Internationalen Bachakademie in der Staatsgalerie Stuttgart, 14.9. bis 27.10.1985. Redaktion und Katalog, Ulrich Prinz unter Mitarbeit von Konrad Küster
=600  \0$aBach, Johann Sebastian$d1685-1750$1http://www.wikidata.org/entity/Q1339$94766
=648  \0$a18th Century (1701-1800)$1http://www.wikidata.org/entity/Q7015$920899
=650  \0$aComposer$1http://www.wikidata.org/entity/Q36834$93625
=650  \0$aBiography$1http://www.wikidata.org/entity/Q36279$91927
=650  \0$aLegacy$1http://www.wikidata.org/entity/Q623282$922131
=650  \0$aOrganology$1http://www.wikidata.org/entity/Q899293$921400
=650  \0$aInstrumentation$1http://www.wikidata.org/entity/Q617028$923032
=650  \0$aPublishing$1http://www.wikidata.org/entity/Q3972943$93049
=651  \0$aGermany$1http://www.wikidata.org/entity/Q183$9155
=700  \\$aPrinz, Ulrich$4edt$913379
=700  \\$aKüster, Konrad$d1959-$4edt$912242
=942  \\$cBOO
=952  \\$00$10$2ddc$40$6BIO_BACH1_E$70$8BIO$921186$aORPH$bORPH$cKTS1_P$d2020-07-08$eKoopman$i32B02$l0$oBIO BACH1 e$p20122965$r2022-01-14 00:00:00$w2022-01-14$yBOO
=999  \\$d20632

