=LDR  01261cam a2200277 a 4500
=001  20633
=005  20251103124736.0
=008  970911s1997\\\\gw\g\\\\\bk\\\000\0\ger\d
=020  \\$a3920950291
=040  \\$aOI
=041  \\$ager
=100  \\$aZilkens, Udo$d-1964$4aut$915640
=245  10$aFranz Schubert, vom Klavierlied zum Klavierquintett:$bDie Forelle im Spiegel ihrer Interpretationen durch Musiktheoretiker und Musiker
=260  \\$aCologne-Rodenkirchen$bTonger$c1997
=300  \\$a77 pages$bmusic$c24 cm
=500  \\$aDiscography: p. 74-77.
=504  \\$aIncludes bibliographical references (p. 72-73).
=600  \0$aSchubert, Franz$d1797-1828$1http://www.wikidata.org/entity/Q7312$96183
=648  \0$a19th Century (1801-1900)$1http://www.wikidata.org/entity/Q6955$920935
=650  \0$aSong$1http://www.wikidata.org/entity/Q7366$94164
=650  \0$aChamber music$1http://www.wikidata.org/entity/Q189201$92105
=650  \0$aPiano$1http://www.wikidata.org/entity/Q5994$92127
=650  \0$aMusical interpretation$1http://www.wikidata.org/entity/Q1668139$94533
=942  \\$cBOO
=952  \\$00$10$2ddc$40$6BIO_SCHU1_E$70$8BIO$921187$aORPH$bORPH$cKTS1_P$d2020-07-08$eKoopman$i21E28$l0$oBIO SCHU1 e$p20125457$r2022-01-14 00:00:00$w2022-01-14$yBOO
=999  \\$d20633

