=LDR  01481cam a22003257a 4500
=001  20634
=005  20251003085500.0
=007  co\cga||||||||
=008  111202s2010\\\\gw\a\\\\\bc\\\001\0\ger\d
=020  \\$a9783895641305 (hbk.)
=020  \\$a3895641308
=040  \\$aOI
=041  \\$ager
=100  \\$aSchröter, Axel$4aut$919181
=245  14$aDer historische Notenbestand des Deutschen Nationaltheaters Weimar:$bKatalog
=260  \\$aSinzig$bStudio$c2010
=300  \\$acxx-725 pages$billustrations$c25 cm$eCD-ROM
=490  \\$aMusik und Theater$v6
=504  \\$aIncludes bibliographical references and index.
=610  \0$aDeutsches Nationaltheater und Staatskapelle Weimar (Germany)$1http://www.wikidata.org/entity/Q600939$923463
=648  \0$a18th Century (1701-1800)$1http://www.wikidata.org/entity/Q7015$920899
=648  \0$a19th Century (1801-1900)$1http://www.wikidata.org/entity/Q6955$920935
=650  \0$aTheater$1http://www.wikidata.org/entity/Q24354$92225
=650  \0$aMusic theater$1http://www.wikidata.org/entity/Q96394452$92065
=650  \0$aLibrary$1http://www.wikidata.org/entity/Q7075$94229
=650  \0$aCatalogue$1http://www.wikidata.org/entity/Q2352616$921484
=651  \0$aWeimar (Germany)$1http://www.wikidata.org/entity/Q3955$921645
=942  \\$cBOO
=952  \\$00$10$2ddc$40$6BIB_4_000000000000000_DE_WEI1$70$8BIB$921188$aORPH$bORPH$cKTS0$d2020-07-08$eKoopman$i44F05$l0$oBIB4 DE.WEI1$p20126838$r2022-01-14 00:00:00$w2022-01-14$yBOO
=999  \\$d20634

