=LDR  01115cam a22002654a 4500
=001  20635
=005  20250121142134.0
=008  991020s2000\\\\nyua\\\\\\\\\\001\0deng\\
=020  \\$a9780810928640
=040  \\$aOI
=041  1\$aeng$hfre
=245  10$aChardin:$bAn Intimate Art$cHelene Prigent and Pierre Rosenberg ; [translated from the French by Jane Brenton].
=260  \\$aNew York$bAbrams$c2000
=300  \\$a127 p. :$bill. (some col.) ;$c18 cm.
=490  1\$aDiscoveries
=600  \0$aChardin, Jean Baptiste Siméon$d1699-1779$1http://www.wikidata.org/entity/Q207447$923044
=648  \0$a18th Century (1701-1800)$1http://www.wikidata.org/entity/Q7015$920899
=650  \0$aFine art$1http://www.wikidata.org/entity/Q219625$921579
=651  \0$aFrance$1http://www.wikidata.org/entity/Q142$9131
=700  \\$aPrigent, Hélène$4aut$923464
=700  \\$aRosenberg, Pierre$4aut$923465
=700  \\$aBrenton, Jane$4trl$923466
=942  \\$cBOO
=952  \\$00$10$2ddc$40$6BIO_CHAR_A$70$8BIO$921189$aORPH$bORPH$cKTS1_P$d2020-07-08$eKoopman$i22F17$oBIO CHAR a$p20128841$r2022-01-14 00:00:00$w2022-01-14$yBOO
=999  \\$d20635

