=LDR  01340cam a2200289 a 4500
=001  20636
=005  20250708140035.0
=008  980910s1998\\\\nyuabch\\bc\\\001\0aeng\\
=020  \\$a0945193947
=040  \\$aOI
=041  \\$aeng
=100  \\$aMarsh, John$d1752-1828$1http://www.wikidata.org/entity/Q6246830$95762
=245  14$aThe John Marsh Journals:$bThe Life and Times of a Gentleman Composer (1752-1828)
=246  \1$aHistory of my private life
=260  \\$aStuyvesant, NY$bPendragon$c1998
=300  \\$axiv-797 pages$billustrations, map, portraits, facsimiles;$c26 cm
=490  \\$aSociology of Music$v9
=504  \\$a"A catalog of the compositions of John Marsh": p. 765-774.
=504  \\$aIncludes bibliographical references (p. 775-779) and indexes.
=600  \0$aMarsh, John$d1752-1828$1http://www.wikidata.org/entity/Q6246830$95762
=650  \0$aComposer$1http://www.wikidata.org/entity/Q36834$93625
=650  \0$aDiary$1http://www.wikidata.org/entity/Q185598$921711
=651  \0$aUnited Kingdom$1http://www.wikidata.org/entity/Q21$9273
=700  \\$aRobins, Brian$d1940-$4edt$923469
=942  \\$cBOO
=952  \\$00$10$2ddc$40$6BIO_MARS_A$70$8BIO$921190$aORPH$bORPH$cKTS1_P$d2020-07-08$eKoopman$i38E23$l0$oBIO MARS a$p20120377$r2022-01-14 00:00:00$w2022-01-14$xAccompanied by a booklet with Koopman's index$yBOO
=999  \\$d20636

