=LDR  01152cam a2200277 a 4500
=001  20637
=005  20250605144308.0
=008  000808s2000\\\\ne\a\\\\\b\\\\001\0adut\\
=020  \\$a9065501754
=040  \\$aOI
=041  \\$adut
=100  \\$avan Eijck, Clara Cornelia$d-1810$4aut$923470
=245  10$aMijne waarde vrindin$been Gents journaal (1790-1791)
=246  14$aMijn waarde vrindin
=260  \\$aHilversum$bVerloren$c2000
=300  \\$a234 pages$billustrations, map$c22 cm
=490  \\$aEgodocumenten$v22
=504  \\$aIncludes bibliographical references and indexes.
=590  \\$adoor Clara Cornelia van Eijck ; ingeleid en van commentaar voorzien door Joost Rosendaal
=648  \0$a18th Century (1701-1800)$1http://www.wikidata.org/entity/Q7015$920899
=650  \0$aDiary$1http://www.wikidata.org/entity/Q185598$921711
=651  \0$aGhent (Belgium)$1http://www.wikidata.org/entity/Q1296$920924
=700  \\$aRosendaal, Joost$d1963-$4edt$923471
=942  \\$cBOO
=952  \\$00$10$2ddc$40$6BIO_VANE2_A$70$8BIO$921192$aORPH$bORPH$cKTS1_P$d2020-07-08$eKoopman$i28B02$l0$oBIO VANE2 a$p20123613$r2022-01-14 00:00:00$w2022-01-14$yBOO
=999  \\$d20637

