=LDR  01351nam a22002657a 4500
=001  20639
=008  220117s2002\\\\ch\f||||\||||\00|\0\ger\d
=041  \\$ager
=245  \\$aLes Automates des Jaquet-Droz
=260  \\$aNeuchâtel $bStadt Neuenburg, Geschichtsmuseum$c2002
=300  \\$a29 pages$e4 postcards
=600  \0$aJaquet-Droz, Pierre$d1721-1790$1http://www.wikidata.org/entity/Q123683$923479
=600  \0$aJaquet-Droz, Henri-Louis$d1752-1791$1http://www.wikidata.org/entity/Q3130427$926864
=610  \0$aJaquet-Droz (Neuchâtel, Switzerland)$1http://www.wikidata.org/entity/Q3162263$926865
=648  \0$a18th Century (1701-1800)$1http://www.wikidata.org/entity/Q7015$920899
=650  \0$aMechanical device$1http://www.wikidata.org/entity/Q1882685$92247
=650  \1$aAutomaton$1http://www.wikidata.org/entity/Q787116$923484
=650  \0$aWriter$1http://www.wikidata.org/entity/Q36180$93885
=650  \0$aOrganist$1http://www.wikidata.org/entity/Q765778$94471
=651  \0$aNeuchâtel (Switzerland)$1http://www.wikidata.org/entity/Q69345$926866
=700  \\$4aut$aChapuis, Alfred$910184
=700  \\$4aut$aDroz, Edmond$923478
=942  \\$cBOO
=952  \\$00$10$2ddc$40$6INS_10_000000000000000_9A_CH_NEU$70$8INS$921199$aORPH$bORPH$cKTS0$d2020-07-08$eKoopman$i18D05$l0$oINS10.9a CH.NEU$p20125069$r2022-01-17 00:00:00$w2022-01-17$yBOO
=999  \\$d20639

