=LDR  01650nam a22002777a 4500
=001  20640
=008  220117s1914\\\\|||cf|||\||||\00|\0ager\d
=041  \\$ager
=100  \\$4aut$aPichler, Caroline$d1769-1843$1http://www.wikidata.org/entity/Q78814$923486
=245  \\$aDenkwürdigkeiten aus meinem Leben
=250  \\$a2nd ed.
=260  \\$aMunchen$bMüller$c1914
=300  \\$a2 vols. (lxxxvii-674-[2]+747-[2] pages)$b33-35 plates inserted
=500  \\$aThe two volumes are divided into 4 parts (4 'Bücher' in 2 'Bände')
=534  \\$aOriginally published in 1844$ohttps://books.google.be/books?id=klQTAAAAYAAJ$ohttps://books.google.be/books?id=1FQTAAAAYAAJ
=648  \0$a19th Century (1801-1900)$1http://www.wikidata.org/entity/Q6955$920935
=650  \0$aWriter$1http://www.wikidata.org/entity/Q36180$93885
=650  \0$aFemale$1http://www.wikidata.org/entity/Q6581072$921764
=650  \0$aBiography$1http://www.wikidata.org/entity/Q36279$91927
=651  \0$aVienna (Austria)$1http://www.wikidata.org/entity/Q1741$920937
=700  \\$4edt$4win$aBlümml, Emil Karl$d1881-1925$1http://www.wikidata.org/entity/Q1336323$923485
=856  \\$uhttps://archive.org/details/3534948_1/page/n5/mode/2up?ref=ol&view=theater$3vol.1
=942  \\$cBOO
=952  \\$00$10$2ddc$3vol. 1$40$6KTS_1_000000000000000_C1_56_04H16_01$70$8RAR$921200$aORPH$bORPH$cKTS1_C1$d2020-07-08$eKoopman$oKTS1 C1.56 04H16_01$p20122409$r2022-01-17 00:00:00$w2022-01-17$yBOO
=952  \\$00$10$2ddc$3vol. 2$40$6KTS_1_000000000000000_C1_56_04H16_02$70$8RAR$921201$aORPH$bORPH$cKTS1_C1$d2020-07-08$eKoopman$oKTS1 C1.56 04H16_02$p20122408$r2022-01-17 00:00:00$w2022-01-17$yBOO
=999  \\$d20640

