=LDR  01986nam a2200373 a 4500
=001  20641
=003  OI
=005  20250611094103.0
=008  081208s1919\\\\gw\g\\\|r\\\\|000\|bger|d
=040  \\$aOI
=041  \\$ager
=100  \\$aChrysander, Friedrich$d1826-1901$4aut$1http://www.wikidata.org/entity/Q65274$913827
=245  10$aG. F. Händel
=250  \\$a2nd ed.
=260  \\$aLeipzig$bBreitkopf & Härtel$c1919
=300  \\$a3 volumes (viiii-496+482+224 pages)
=500  \\$aCovers the period 1685-1720 
=534  \\$aOriginally published in 1858
=600  \0$aHandel, George Frideric$d1685-1759$1http://www.wikidata.org/entity/Q7302$94765
=648  \0$a17th Century (1601-1700)$1http://www.wikidata.org/entity/Q7016$920923
=648  \0$a18th Century (1701-1800)$1http://www.wikidata.org/entity/Q7015$920899
=650  \0$aComposer$1http://www.wikidata.org/entity/Q36834$93625
=650  \0$aBiography$1http://www.wikidata.org/entity/Q36279$91927
=651  \0$aHalle (Saale, Germany)$1http://www.wikidata.org/entity/Q2814$921799
=651  \0$aHamburg (Germany)$1http://www.wikidata.org/entity/Q1055$921940
=651  \0$aVenice (Italy)$1http://www.wikidata.org/entity/Q641$91
=651  \0$aRome (Italy)$1http://www.wikidata.org/entity/Q220$949
=651  \0$aFlorence (Italy)$1http://www.wikidata.org/entity/Q2044$9248
=651  \0$aLondon (United Kingdom)$1http://www.wikidata.org/entity/Q84$9123
=942  \\$cBOO
=952  \\$00$10$2ddc$3Erster Band$40$6BIO_HAND_D$70$8BIO$921210$aORPH$bORPH$cKTS1_P$d2020-07-08$eKoopman$i32E21_01$oBIO HAND d$p20122848$r2022-01-18 00:00:00$w2022-01-18$yBOO
=952  \\$00$10$2ddc$3Zweiter Band$40$6BIO_HAND_D$70$8BIO$921211$aORPH$bORPH$cKTS1_P$d2020-07-08$eKoopman$i32E21_02$l0$oBIO HAND d$p20122847$r2022-01-18 00:00:00$w2022-01-18$yBOO
=952  \\$00$10$2ddc$3Dritter Band$40$6BIO_HAND_D$70$8BIO$921212$aORPH$bORPH$cKTS1_P$d2020-07-08$eKoopman$i32E21_03$l0$oBIO HAND d$p20122846$r2022-01-18 00:00:00$w2022-01-18$yBOO
=999  \\$d20641

