=LDR  01750nam a22003257a 4500
=001  20645
=008  220120r16152003gw\ah|||\||||\00|\0\ger\d
=041  \\$ager
=100  \\$aCaus, Salomon de$d1576-1626$1http://www.wikidata.org/entity/Q385092$4aut$923515
=245  \\$aKunst der Mechanik:$bdie phantastischen Erfindungen des Salomon de Caus
=260  \\$aMichaelstein$bStekovics$c2003
=300  \\$a176 pages
=534  \\$cFrankfurt am Main: Pacquart, 1615
=590  \\$aVon gewaltsamen Bewegungen Beschreibung etlicher, so wol nützlichen als lustigen Machiner
=600  \0$aStriggio, Alessandro$d1540-1592$bthe Elder$1http://www.wikidata.org/entity/Q1377115$923245
=648  \0$a16th Century (1501-1600)$1http://www.wikidata.org/entity/Q7017$920944
=648  \0$a17th Century (1601-1700)$1http://www.wikidata.org/entity/Q7016$920923
=650  \0$aOrganology$1http://www.wikidata.org/entity/Q899293$921400
=650  \1$aAutomaton$1http://www.wikidata.org/entity/Q787116$923484
=650  \0$aMechanical device$1http://www.wikidata.org/entity/Q1882685$92247
=650  \0$aArchitecture$1http://www.wikidata.org/entity/Q12271$93185
=651  \0$aHeidelberg (Germany)$1http://www.wikidata.org/entity/Q2966$921984
=700  \\$4win$aOmonsky, Ute$917343
=700  \\$avan der Heyden, Jacob$d1573-1643$1http://www.wikidata.org/entity/Q6119601$4ill$926863
=700  \\$aGugenhan, Stefan$4aft$926862
=710  2\$aStiftung Kloster Michaelstein (Germany)$1https://www.wikidata.org/wiki/Q1441940$926321
=765  \\$aLes Raisons des forces mouvantes
=942  \\$cBOO
=952  \\$00$10$2ddc$40$6INS_10_000000000000000_9B$70$8INS$921220$aORPH$bORPH$cKTS0$d2020-07-08$eKoopman$i12D36$oINS10.9b$p20138273$r2022-01-20 00:00:00$w2022-01-20$yBOO
=999  \\$d20645

