=LDR  00966nam a22002057a 4500
=001  20656
=008  220124r15712005gw\h||||\||||\00|\0\ger\d
=041  \\$ager
=100  \\$4aut$aAmmerbach, Elias Nikolaus$d1530-1597$99116
=245  \\$aOrgel- oder Instrument Tablatur
=260  \\$aStuttgard$bCornetto-Verlag$c1571-2005
=505  \\$gdiese Faksimile-Ausgabe wurde nach dem Exemplar Sign. II.6.2 der Musikbibliothek Leipzig angefertigt
=648  \0$a16th Century (1501-1600)$1http://www.wikidata.org/entity/Q7017$920944
=650  \0$aOrgan$1http://www.wikidata.org/entity/Q1444$92810
=650  \0$aTablature$1http://www.wikidata.org/entity/Q143217$93722
=650  \0$aKeyboard instrument$1http://www.wikidata.org/entity/Q52954$92849
=651  \0$aGermany$1http://www.wikidata.org/entity/Q183$9155
=942  \\$cBOO
=952  \\$00$10$2ddc$40$6INS_3C$70$8INS$921235$aORPH$bORPH$cKTS0$d2020-07-08$eKoopman$i13I34$oINS3c$p20126433$r2022-01-24 00:00:00$w2022-01-24$yBOO
=999  \\$d20656

