=LDR  01065cam a2200253 a 4500
=001  20660
=005  20250120120304.0
=008  860805s1903\\\\gw\\\\\\\b\\\\000\0\ger\\
=040  \\$aOI
=041  \\$ager
=100  \\$aTischer, Gerhard$d1877-1959$4aut$923579
=245  14$aDie aristotelischen Musikprobleme
=260  \\$aBerlin$bEbering$c1903
=300  \\$a100 pages$c25 cm
=490  1\$aMusikwissenschaftliche Studien$v3
=504  \\$aIncludes bibliographical references.
=600  \0$aAristoteles$d384-322 BC$1http://www.wikidata.org/entity/Q868$94906
=648  \0$aClassical Antiquity (8th Century BC-6th Century AD)$1http://www.wikidata.org/entity/Q486761$921435
=650  \0$aMusic theory$1http://www.wikidata.org/entity/Q193544$92662
=650  \0$aAcoustics$1http://www.wikidata.org/entity/Q82811$921365
=651  \0$aGreece$1http://www.wikidata.org/entity/Q41$921778
=942  \\$cBOO
=952  \\$00$10$2ddc$40$6BIO_ARIS_E$70$8BIO$921240$aORPH$bORPH$cKTS1_P$d2020-07-08$eKoopman$i23E06$l0$oBIO ARIS e$p20137422$r2022-01-26 00:00:00$w2022-01-26$yBOO
=999  \\$d20660

