=LDR  00823ncm a22002057a 4500
=001  20661
=008  220126b\\\\\\\\|||||k||\||||\00|\0\fre\d
=041  \\$afre
=059  \\$aB bc
=245  \\$aIVe Cantate:$bLe Triomphe de Bacchus
=260  \\$aParis [?]$bs.n.$c17xx
=300  \\$a20 pages
=500  \\$aPhotocopy of F-Pc ascribed in ballpoint to Laurent Gervais on the first page, but an anonymous work
=590  \\$aBasse Taille
=648  \0$a18th Century (1701-1800)$1http://www.wikidata.org/entity/Q7015$920899
=650  \0$aCantata$1http://www.wikidata.org/entity/Q174873$921603
=651  \0$aFrance$1http://www.wikidata.org/entity/Q142$9131
=942  \\$cSCO
=952  \\$00$10$2ddc$40$6SCO_BACC$70$8SCO$921241$aORPH$bORPH$cKTS1_P$d2020-07-08$eKoopman$i14K09$oSCO BACC$p20124870$r2022-01-26 00:00:00$w2022-01-26$ySCO
=999  \\$d20661

