=LDR  01040nam a22002177a 4500
=001  20662
=008  220127|\\\\\\\\gw\a||||\||||\00|\0\ger\d
=041  \\$ager
=245  \\$aRichtlinien zur Erhaltung wertvoller historischer Orgeln.$bZum Gebrauch für Orgelbauer, Denkmalpfleger, Organisten$nHeft 12
=250  \\$aStudien zur Aufführungspraxis und Interpretation von Instrumentalmusik in der ersten Hälfte des 18. Jahrhunderts, Blankenburg/Harz 1975
=260  \\$c1975
=300  \\$a64 pages
=336  \\$aprinted
=650  \0$aOrgan$1http://www.wikidata.org/entity/Q1444$92810
=650  \0$aOrganology$1http://www.wikidata.org/entity/Q899293$921400
=650  \0$aConservation and restoration$1http://www.wikidata.org/entity/Q217102$922845
=700  \\$4aut$aWegscheider, Kristian$922939
=700  \\$4aut$aWerner, Helmut$d-1942$923580
=942  \\$cBOO
=952  \\$00$10$2ddc$40$6INS_3_000000000000000_1B$70$8INS$921242$aORPH$bORPH$cKTS0$d2020-07-08$eKoopman$iTS Mich St 12$l0$oINS3.1b$p20138296$r2022-01-27 00:00:00$w2022-01-27$yBOO
=999  \\$d20662

