=LDR  01396nam a22002777a 4500
=001  20666
=008  220128r18651992nl\h||||\||||\00|\0\eng\d
=041  \\$aeng
=100  \\$aHamilton, James Alexander$d1785-1845$4aut$927195
=245  \\$aHamilton's Catechism of The Organ
=250  \\$aReprint of the 1865 edition
=260  \\$aBuren $bKnuf$c1992
=300  \\$a196 pages
=500  \\$aSee also KTS1 H.01.003-004 for original editions of this work
=648  \0$a19th Century (1801-1900)$1http://www.wikidata.org/entity/Q6955$920935
=650  \0$aMethod$1http://www.wikidata.org/entity/Q2250960$921402
=650  \0$aOrgan$1http://www.wikidata.org/entity/Q1444$92810
=650  \0$aOrgan music$1http://www.wikidata.org/entity/Q2003283$91951
=651  \0$aUnited Kingdom$1http://www.wikidata.org/entity/Q21$9273
=700  \\$4ctb$aWarren, Joseph$d1804-1881$1http://www.wikidata.org/entity/Q18534220$923583
=700  \\$4win$aRenshaw, Martin$923584
=700  \\$4edt$aWilliams, Peter$d1937-2016$915535
=942  \\$cBOO
=952  \\$00$10$2ddc$3Volume 1$40$6INS_3_000000000000000_1C$70$8INS$921245$aORPH$bORPH$cKTS0$d2020-07-08$eKoopman$i13B05-I$l0$oINS3.1c$p20124508$r2022-01-28 00:00:00$w2022-01-28$yBOO
=952  \\$00$10$2ddc$3Volume 2$40$6INS_3_000000000000000_1C$70$8INS$921246$aORPH$bORPH$cKTS0$d2020-07-08$eKoopman$i13B05-II$oINS3.1c$p20124507$r2022-01-28 00:00:00$w2022-01-28$yBOO
=999  \\$d20666

