=LDR  02507ccm a22003134a 4500
=001  20669
=005  20250820130241.0
=008  760512r20011776sz\zzz\\\h\\\\\n\\\\fre\\
=010  \\$a  2004425815
=020  \\$a2826606166 (t.p. verso)
=020  \\$a2826604058 (cover, p. 4)
=024  3\$a9782826604051
=040  \\$aOI
=041  \\$afre
=100  \\$aSaint-Sevin dit L'Abbé le Fils, Joseph-Barnabé$d1727-1803$4aut$1http://www.wikidata.org/entity/Q1706326$921040
=245  10$aPrincipes du violon
=260  \\$aGeneva$bMinkoff$c2001
=300  \\$a81 pages of music$c30 cm
=500  \\$a"Réimpression de l'édition de Paris, 1776"--T.p. verso. This ed. with the original imprint L'Auteur and Le Clerc marchand rue Saint Honoré is dated 1761 in reference sources. The Minkoff reprint date 1976 on the title page could indicate that the present ed. is be a reissue of an earlier Minkoff ed. with that reprint date, however that ed. appears in bibliographic records as a reprint of the 1772 ed.
=590  \\$apour apprendre le doigté de cet instrument, et les différens agrémens dont il est susceptible. Dédiés à Monsieur le Marquis de Rodoüan de Damartin, Mousquetaire de la Seconde Compagnie de la Garde du Roi. Par Mr. l'Abbé le Fils, Ordinaire de l'Académie Royale de Musique. Ces principes sont suivis de deux suites d'airs d'opéra à deux violons, dont le choix lui a paru le meilleur, de plusieurs leçons dans le genre de sonates avec la basse chiffrée pour le clavessin, d'exemples analogues à ces leçons, de préludes dans les tons majeurs et mineurs, et d'une suite de jolis airs variés pour un Violon seul. Les Personnes qui joüent du Par-dessus-de-Viole à quatre cordes peuvent faire usage de ces Principes, en observant seulement de donner aux Lettres t et p une signification contraire à celle que l'on trouvera dans ce Livre.  
=648  \0$a18th Century (1701-1800)$1http://www.wikidata.org/entity/Q7015$920899
=650  \0$aViolin$1http://www.wikidata.org/entity/Q8355$92783
=650  \0$aMethod$1http://www.wikidata.org/entity/Q2250960$921402
=650  \0$aFingering$1http://www.wikidata.org/entity/Q608487$921861
=650  \0$aOrnamentation$1http://www.wikidata.org/entity/Q739589$922524
=651  \0$aFrance$1http://www.wikidata.org/entity/Q142$9131
=942  \\$cBOO
=952  \\$00$10$2ddc$40$6INS_4_000000000000000_1C_ABBE$70$8INS$921249$aORPH$bORPH$cKTS0$d2020-07-08$eKoopman$i13F65$l0$oINS4.1c ABBE$p20124333$r2022-01-31 00:00:00$w2022-01-31$yBOO
=999  \\$d20669

