=LDR  01481nam a22002657a 4500
=001  20670
=005  20250926134858.0
=008  220131r19871634|||ha|||\l|||\00|\0\ger\d
=041  \\$ager
=100  \\$4edt$4aft$aSchulze, Hans-Joachim$d1934-$1http://www.wikidata.org/entity/Q92055$911725
=245  \\$aDie Thomasschule Leipzig zur Zeit Johann Sebastian Bachs.$bOrdnungen und Gesetze: 1634 - 1723 - 1733
=260  \\$aLeipzig$aKassel$bZentralantiquariat der Deutchen Demokratischen Republik$bBärenreiter$c1987
=300  \\$a[64-84-39]-21-[4] pages
=500  \\$aFacsimiles
=590  \\$aZusammengestellt mit einem Nachwort von Hans Joachim Schulze. Reprint der Originalausgaben 1634-1733 nach Exemplaren des Museums für Geschichte der Stadt Leipzig. 
=600  \0$aBach, Johann Sebastian$d1685-1750$1http://www.wikidata.org/entity/Q1339$94766
=610  \0$aThomasschule (Leipzig, Germany)$1http://www.wikidata.org/entity/Q699668$91465
=648  \0$a17th Century (1601-1700)$1http://www.wikidata.org/entity/Q7016$920923
=648  \0$a18th Century (1701-1800)$1http://www.wikidata.org/entity/Q7015$920899
=650  \0$aLaw$1http://www.wikidata.org/entity/Q7748$93727
=650  \0$aEducation$926206
=651  \0$aLeipzig (Germany)$1http://www.wikidata.org/entity/Q2079$945
=942  \\$cBOO
=952  \\$00$10$2ddc$40$6TOP_DE_LEI_5_000000000000000$70$8TOP$921250$aORPH$bORPH$cKTS0$d2020-07-08$eKoopman$i13A03$l0$oTOP DE.LEI 5$p20126064$r2022-01-31 00:00:00$w2022-01-31$yBOO
=999  \\$d20670

