=LDR  03109cam a2200325 a 4500
=001  20671
=008  880928r17271985nl\ah\\\\b\\\\000\0\dut\\
=040  \\$aOI
=041  \\$adut
=245  10$aOorspronk en voortgang der orgelen.$bMet de voortreffelykheid van Alkmaars Groote Orgel
=260  \\$aBuren$bKnuf$c1985$c1727
=300  \\$a1 volume (various pagings)$billustrations$c18 cm
=490  \\$aBibliotheca Organologica$v13
=500  \\$a"The two organs are world-famous. The smaller one, called the "Koororgel" (choir organ), was built in 1511 by Jan van Covelens, and is built against the north wall of the church. It is the oldest playable organ in the Netherlands. The larger organ at the west end of the church is one of the most famous, significant and beautiful organs in the world. It was built by Jacobus Caltus van Hagerbeer, finished in 1645. The magnificent casework, which unusually stretches from floor to vault and makes the organ part of the architecture of the church, was designed by Jacob van Campen, a leading architect of the time. The enormous canvas shutters were painted by Caesar van Everdingen. The organ was rebuilt in 1723 by Frans Caspar Schnitger. He left the casework much as it was, but created an organ in the North German style within the old case. He reused much of the old fluework, but all the mixtures and reeds were new. The organ has not been changed much since then, and is rare in that 90 percent of the original material, pipework, action, soundboards, case, survives. As such it is one of the most important organs in the world." (Wikipedia) 
=504  \\$aIncludes bibliographical references.
=534  \\$cAlkmaar: J. van Beyeren, 1727 -- 'Verdediging van Jacob Wognum tegen de lasterende voorreden over de Oorsprong en voortgang der orgelen' (Alkmaar: K. Mol, 17--); 'Onderrichting van AE.E. Veldcamps wegens enige perioden tegen hem uitgegeven in het boek genaamd Oorsprong en voortgang der orgelen.' (Alkmaar: K. Mol, 1727)
=590  \\$aVerdediging tegen de lasterende voorreden over de Oorspronk en voortgang der orgelen / Jacob Wognum. Onderrichtinge wegens eenige perioden tegens hem uitgegeven in het boek genaamd Oorsprong en voortgang der orgelen / AE.E. Veldcamps.
=610  20$aGrote of St.-Laurenskerk (Alkmaar, Netherlands)
=648  \0$a18th Century (1701-1800)$1http://www.wikidata.org/entity/Q7015$920899
=650  \0$aOrgan$1http://www.wikidata.org/entity/Q1444$92810
=650  \0$aChurch$1http://www.wikidata.org/entity/Q16970$93776
=650  \0$aOrganology$1http://www.wikidata.org/entity/Q899293$921400
=651  \0$aAlkmaar (Netherlands)$1http://www.wikidata.org/entity/Q16977290$921456
=700  \2$aHavingha, Gerhardus$d1696-1753$4aut$1http://www.wikidata.org/entity/Q55835995$96203
=700  \2$aVeldcamps, Æ. E.$4aut$923612
=700  \2$aWognum, Jacob$4aut$923611
=700  \\$aGierveld, Arend Jan$4edt$911118
=942  \\$cBOO
=952  \\$00$10$2ddc$40$6INS_3_000000000000000_1E_NL_ALK$70$8INS$921251$aORPH$bORPH$cKTS0$d2020-07-08$eKoopman$i13A07$l0$oINS3.1e NL.ALK$p20126060$r2022-01-31 00:00:00$w2022-01-31$yBOO
=999  \\$d20671

