=LDR  01204nam a22002297a 4500
=001  20672
=008  220201r19671846||||||||\||||\00|\0\ger\d
=041  \\$ager
=100  \\$4aut$aRichter, Aemilius Ludwig$923631
=245  \\$aDie evangelischen Kirchenordnungen des sechszehnten Jahrhunderts:$bUrkunden und Regesten zur Geschichte des Rechts und der Verfassung der evangelischen Kirche in Deutschland
=260  \\$aWeimar$bLandes-Industriecomtoir$c1967
=300  \\$a2 vols.
=500  \\$aFacsimile
=648  \0$a16th Century (1501-1600)$1http://www.wikidata.org/entity/Q7017$920944
=650  \0$aLute$1http://www.wikidata.org/entity/Q180733$93944
=650  \0$aChurch$1http://www.wikidata.org/entity/Q16970$93776
=650  \0$aLaw$1http://www.wikidata.org/entity/Q7748$93727
=651  \0$aGermany$1http://www.wikidata.org/entity/Q183$9155
=942  \\$cBOO
=952  \\$00$10$2ddc$3vol. 1$40$6TOP_DE_4_000000000000000$70$8TOP$921252$aORPH$bORPH$cKTS0$d2020-07-08$eKoopman$i12D02$oTOP DE 4$r2022-02-01 00:00:00$w2022-02-01$yBOO
=952  \\$00$10$2ddc$3vol. 2$40$6TOP_DE_4_000000000000000$70$8TOP$921253$aORPH$bORPH$cKTS0$d2020-07-08$eKoopman$i12D02$l0$oTOP DE 4$r2022-02-01 00:00:00$w2022-02-01$yBOO
=999  \\$d20672

