=LDR  00925nam a22002297a 4500
=001  20673
=008  220201r20051840||||||||\||||\00|\0\ger\d
=041  \\$ager
=100  \\$4aut$aRomberg, Bernhard$d1767-1841$1http://www.wikidata.org/entity/Q213914$98725
=245  \\$aVioloncell-Schule
=260  \\$aMunich$bKatzbichler$c2005
=300  \\$a138 pages
=500  \\$aFacsimile
=534  \\$cBerlin: Trautwein, 1840
=590  \\$ain zwei Abtheilungen
=648  \0$a19th Century (1801-1900)$1http://www.wikidata.org/entity/Q6955$920935
=650  \0$aMethod$1http://www.wikidata.org/entity/Q2250960$921402
=650  \0$aCello$1http://www.wikidata.org/entity/Q8371$92688
=651  \0$aGermany$1http://www.wikidata.org/entity/Q183$9155
=942  \\$cBOO
=952  \\$00$10$2ddc$40$6INS_4_000000000000000_3C$70$8INS$921254$aORPH$bORPH$cKTS0$d2020-07-08$eKoopman$i12D24$l0$oINS4.3c$p20146011$r2022-02-01 00:00:00$w2022-02-01$yBOO
=999  \\$d20673

