=LDR  00832nac a22001937a 4500
=001  20680
=008  220209b\\\\\\\\|||a||||\||||\00|\0\dut\d
=041  \\$adut
=245  \\$aVaderlandsche gedenkteekenen
=300  \\$a24 pages
=336  \\$aprinted
=500  \\$aIn a boxed collection of pamphlets, songs, poems and others about mariage, eating, drinking, humor, anecdotes, etc.
=650  \0$aHistory$1http://www.wikidata.org/entity/Q309$921403
=650  \0$aIconography$1http://www.wikidata.org/entity/Q208145$921259
=651  \0$aNetherlands$1http://www.wikidata.org/entity/Q55$9173
=773  \\$04267$tCollection of pamphlets$w4267
=942  \\$cEPH
=952  \\$00$10$2ddc$40$6KTS_1_000000000000000_C2_03_H1021F$70$8RAR$921271$aORPH$bORPH$cKTS1_C2$d2020-07-08$eKoopman$l0$oKTS1 C2.03 H1-021f$r2022-02-09 00:00:00$w2022-02-09$yEPH
=999  \\$d20680

