=LDR  00801nac a22001817a 4500
=001  20682
=008  220209b\\\\\\\\||||||||\||||\00|\0\dut\d
=041  \\$adut
=245  \\$aTwaalf ambachten, dertien ongelukken; Uitboezeming van een gehuwd man; Geld
=300  \\$a32 pages
=336  \\$aprinted
=500  \\$ain a boxed collection of pamphlets, songs, poems and others about mariage, eating, drinking, humor, anecdotes, etc. 
=650  \0$aNovel$1http://www.wikidata.org/entity/Q8261$921629
=650  \0$aPoetry$1http://www.wikidata.org/entity/Q482$93026
=773  \\$04267$tCollection of pamphlets$w4267
=942  \\$cEPH
=952  \\$00$10$2ddc$40$6KTS_1_000000000000000_C2_03_H1021H$70$8RAR$921273$aORPH$bORPH$cKTS1_C2$d2020-07-08$eKoopman$l0$oKTS1 C2.03 H1-021h$r2022-02-09 00:00:00$w2022-02-09$yEPH
=999  \\$d20682

