=LDR  02198nac a22002777a 4500
=001  20683
=008  220209m18521854||||||||\||||\00|\0\dut\d
=041  \\$adut
=100  \\$4aut$aMagini, Giovanni Antonio$d1555-1617$1http://www.wikidata.org/entity/Q740978$923676
=245  \\$aAanteekeningen van Don Antonio Magino
=260  \\$bDe maatschappij: Tot nut van't algemeen $c1852$c1854
=300  \\$a24 pages
=336  \\$aprinted
=500  \\$aIn a boxed collection of pamphlets, songs, poems and others about mariage, eating, drinking, humor, anecdotes, etc. 
=500  \\$aParts of an Almanac of 1852 and 1854 (see also H1-021g); the 'Aanteekeningen' from 1854 is incomplete
=500  \\$aDbnl: "Giovanni Antonio Magini, geboren in Padua in 1555 en gestorven in Bologna in 1617, was astronoom, mathematicus en geograaf. In 1588 werd hij aangesteld als hoogleraar in de wiskunde aan de universiteit van Bologna. Hij vervulde deze functie tot zijn dood. In zijn tijd stond hij bekend als een bekwaam astronoom. Hij onderhield contacten met onder andere Tycho Brahe en Johannes Kepler. Zijn astronomische ideeën en geschriften zijn wetenschappelijk gezien desondanks niet van grote betekenis geweest. Zo bleef hij, hoewel hij Copernicus vereerde, een aanhanger van het geocentrische wereldbeeld. Tegenover Galileo stond hij zelfs uitgesproken vijandig. (...)" (https://www.dbnl.org/tekst/_zev001199501_01/_zev001199501_01_0013.php)
=590  \\$ai: De wolken en de regen
=648  \0$a19th Century (1801-1900)$1http://www.wikidata.org/entity/Q6955$920935
=650  \0$aAlmanac$1http://www.wikidata.org/entity/Q171341$921366
=650  \0$aHistory$1http://www.wikidata.org/entity/Q309$921403
=651  \0$aNetherlands$1http://www.wikidata.org/entity/Q55$9173
=773  \\$04267$tCollection of pamphlets$w4267
=942  \\$cEPH
=952  \\$00$10$2ddc$40$6KTS_1_000000000000000_C2_03_H1021I$70$8RAR$921274$aORPH$bORPH$cKTS1_C2$d2020-07-08$eKoopman$l0$oKTS1 C2.03 H1-021i$r2022-02-09 00:00:00$w2022-02-09$yEPH
=952  \\$00$10$2ddc$40$6KTS_1_000000000000000_C2_03_H1021CC$70$8RAR$921295$aORPH$bORPH$cKTS1_C2$d2020-07-08$eKoopman$l0$oKTS1 C2.03 H1-021cc$r2022-02-14 00:00:00$w2022-02-09$yEPH
=999  \\$d20683

