=LDR  00990nac a22001937a 4500
=001  20684
=008  220209b\\\\\\\\||||||||\||||\00|\j\dut\d
=041  \\$adut
=245  \\$aGesprek tusschen een dorpspastoor en een paar zijner buuren, over de zoogenoemde moordjaaren; Iets over de Passaatwinden in den grooten Americaanschen Oceaan
=300  \\$a32 pages$b1 folded sheet
=336  \\$aprinted
=500  \\$aIn a boxed collection of pamphlets, songs, poems and others about mariage, eating, drinking, humor, anecdotes, etc. 
=648  \0$a19th Century (1801-1900)$1http://www.wikidata.org/entity/Q6955$920935
=650  \0$aNovel$1http://www.wikidata.org/entity/Q8261$921629
=650  \0$aGeography$1http://www.wikidata.org/entity/Q1071$921798
=773  \\$04267$tCollection of pamphlets$w4267
=942  \\$cEPH
=952  \\$00$10$2ddc$40$6KTS_1_000000000000000_C2_03_H1021J$70$8RAR$921275$aORPH$bORPH$cKTS1_C2$d2020-07-08$eKoopman$l0$oKTS1 C2.03 H1-021j$r2022-02-09 00:00:00$w2022-02-09$yEPH
=999  \\$d20684

