=LDR  01199nac a22002177a 4500
=001  20686
=008  220209b\\\\\\\\|||a||||\||||\00|\p\dut\d
=041  \\$adut
=245  \\$aAllerlei en doolhof
=300  \\$a16 pages
=336  \\$aprinted
=500  \\$aIn a boxed collection of pamphlets, songs, poems and others about mariage, eating, drinking, humor, anecdotes, etc. 
=648  \0$a19th Century (1801-1900)$1http://www.wikidata.org/entity/Q6955$920935
=650  \0$aPoetry$1http://www.wikidata.org/entity/Q482$93026
=651  \0$aNetherlands$1http://www.wikidata.org/entity/Q55$9173
=773  \\$04267$tCollection of pamphlets$w4267
=942  \\$cEPH
=952  \\$00$10$2ddc$40$6KTS_1_000000000000000_C2_03_H1021M$70$8RAR$921277$aORPH$bORPH$cKTS1_C2$d2020-07-08$eKoopman$l0$oKTS1 C2.03 H1-021m$r2022-02-09 00:00:00$w2022-02-09$yEPH
=952  \\$00$10$2ddc$40$6KTS_1_000000000000000_C2_03_H1021V$70$8RAR$921285$aORPH$bORPH$cKTS1_C2$d2020-07-08$eKoopman$l0$oKTS1 C2.03 H1-021v$r2022-02-09 00:00:00$w2022-02-09$yEPH
=952  \\$00$10$2ddc$40$6KTS_1_000000000000000_C2_03_H1021W$70$8RAR$921286$aORPH$bORPH$cKTS1_C2$d2020-07-08$eKoopman$l0$oKTS1 C2.03 H1-021w$r2022-02-09 00:00:00$w2022-02-09$yEPH
=999  \\$d20686

