=LDR  00853nac a22001937a 4500
=001  20692
=008  220209b\\\\\\\\||||||||\||||\00|\j\dut\d
=041  \\$adut
=245  \\$aEen klaaglied onzer eeuw
=300  \\$a16 pages
=336  \\$aprinted
=500  \\$a In a boxed collection of pamphlets, songs, poems and others about mariage, eating, drinking, humor, anecdotes, etc. 
=648  \0$a19th Century (1801-1900)$1http://www.wikidata.org/entity/Q6955$920935
=650  \0$aMoral education$1http://www.wikidata.org/entity/Q25457248$93171
=651  \0$aNetherlands$1http://www.wikidata.org/entity/Q55$9173
=773  \\$04267$tCollection of pamphlets$w4267
=942  \\$cEPH
=952  \\$00$10$2ddc$40$6KTS_1_000000000000000_C2_03_H1021T$70$8RAR$921283$aORPH$bORPH$cKTS1_C2$d2020-07-08$eKoopman$l0$oKTS1 C2.03 H1-021t$r2022-02-09 00:00:00$w2022-02-09$yEPH
=999  \\$d20692

