=LDR  00680nac a22001697a 4500
=001  20694
=008  220209b\\\\\\\\||||||||\||||\00|\jddut\d
=041  \\$adut
=245  \\$aCharles Dickens
=300  \\$a16 pages
=336  \\$aprinted
=500  \\$a In a boxed collection of pamphlets, songs, poems and others about mariage, eating, drinking, humor, anecdotes, etc. 
=650  \0$aBiography$1http://www.wikidata.org/entity/Q36279$91927
=773  \\$04267$tCollection of pamphlets$w4267
=942  \\$cEPH
=952  \\$00$10$2ddc$40$6KTS_1_000000000000000_C2_03_H1021X$70$8RAR$921287$aORPH$bORPH$cKTS1_C2$d2020-07-08$eKoopman$l0$oKTS1 C2.03 H1-021x$r2022-02-09 00:00:00$w2022-02-09$yEPH
=999  \\$d20694

