=LDR  00958nac a22002177a 4500
=001  20697
=008  220214s1866\\\\||||||||\||||\00|\0\dut\d
=041  \\$adut
=100  \\$4aut$aJ. F. D.$923685
=245  \\$aEen uitstapje naar het kanaal door Holland op zijn smalst
=260  \\$aAmsterdam$c1866
=300  \\$a16 pages
=336  \\$aprinted
=500  \\$aIn a boxed collection of pamphlets, songs, poems and others about mariage, eating, drinking, humor, anecdotes, etc. 
=648  \0$a19th Century (1801-1900)$1http://www.wikidata.org/entity/Q6955$920935
=650  \0$aGeography$1http://www.wikidata.org/entity/Q1071$921798
=651  \0$aAmsterdam (Netherlands)$1http://www.wikidata.org/entity/Q727$9135
=773  \\$04267$tCollection of pamphlets$w4267
=942  \\$cEPH
=952  \\$00$10$2ddc$40$6KTS_1_000000000000000_C2_03_H1021Z$70$8RAR$921291$aORPH$bORPH$cKTS1_C2$d2020-07-08$eKoopman$l0$oKTS1 C2.03 H1-021z$r2022-02-14 00:00:00$w2022-02-14$yEPH
=999  \\$d20697

