=LDR  01049nac a22002297a 4500
=001  20699
=008  220214s1865\\\\||||||||\||||\00|\0\dut\d
=041  \\$adut
=100  \\$4aut$aJ. F. D.$923685
=245  \\$aEen bezoek te Leyden.$bOp den 27 junij 1865
=300  \\$a16 pages
=336  \\$aprinted
=500  \\$aIn a boxed collection of pamphlets, songs, poems and others about mariage, eating, drinking, humor, anecdotes, etc.
=648  \0$a19th Century (1801-1900)$1http://www.wikidata.org/entity/Q6955$920935
=650  \0$aHistory$1http://www.wikidata.org/entity/Q309$921403
=650  \0$aJournalism$1http://www.wikidata.org/entity/Q11030$921960
=650  \0$aTravel$1http://www.wikidata.org/entity/Q61509$94440
=651  \0$aLeiden (Netherlands)$1http://www.wikidata.org/entity/Q43631$978
=773  \\$04267$tCollection of pamphlets$w4267
=942  \\$cEPH
=952  \\$00$10$2ddc$40$6KTS_1_000000000000000_C2_03_H1021BB$70$8RAR$921293$aORPH$bORPH$cKTS1_C2$d2020-07-08$eKoopman$l0$oKTS1 C2.03 H1-021bb$r2022-02-14 00:00:00$w2022-02-14$yEPH
=999  \\$d20699

