=LDR  00856nam a22001937a 4500
=001  20702
=008  220214s2003\\\\nl\f||||\||||\00|\0\nl\\d
=041  \\$adut
=245  \\$aHet orgel in de H. Lambertuskerk Escharen
=260  \\$aEscharen$bOrgelstichting Lambertuskerk$c2003
=300  \\$a32 pages
=610  \0$aLambertuskerk (Escharen, Netherlands)$1http://www.wikidata.org/entity/Q17465948$923687
=650  \0$aOrgan$1http://www.wikidata.org/entity/Q1444$92810
=650  \0$aOrganology$1http://www.wikidata.org/entity/Q899293$921400
=651  \0$aNetherlands$1http://www.wikidata.org/entity/Q55$9173
=700  \\$aBoogaarts, Jan$d1934-2023$4edt$927492
=942  \\$cBOO
=952  \\$00$10$2ddc$40$6INS_3_000000000000000_1E_NL_ESC$70$8INS$921297$aORPH$bORPH$cKTS0$d2020-07-08$eKoopman$i29D19$oINS3.1e NL.ESC$p20130820$r2022-02-14 00:00:00$w2022-02-14$yBOO
=999  \\$d20702

