=LDR  00778nam a22001817a 4500
=001  20709
=008  220214s1998\\\\gw\a||||\||||\00|\0\ger\d
=041  \\$ager
=100  \\$4aut$aVarious$94793
=245  \\$aFestschrift zur Wiedereinweihung der der restaurierten Matthias-Friese-Orgel in Zettemin.$bAm 11. Juli 1998
=260  \\$aRittermannshagen$c1998
=300  \\$a41 pages
=650  \0$aOrgan$1http://www.wikidata.org/entity/Q1444$92810
=650  \0$aOrganology$1http://www.wikidata.org/entity/Q899293$921400
=651  \0$aGermany$1http://www.wikidata.org/entity/Q183$9155
=942  \\$cBOO
=952  \\$00$10$2ddc$40$6INS_3_000000000000000_1E_DE_ZET$70$8INS$921304$aORPH$bORPH$cKTS0$d2020-07-08$eKoopman$i29D19$l0$oINS3.1e DE.ZET$p20130823$r2022-02-14 00:00:00$w2022-02-14$yBOO
=999  \\$d20709

