=LDR  00908nam a22002177a 4500
=001  20710
=008  220215r17711968nl\h||||\||||\00|\0\ger\d
=041  \\$ager
=100  \\$4aut$aSponsel, Johann Ulrich$d1721-1788$1http://www.wikidata.org/entity/Q1696428$94935
=245  \\$aOrgelhistorie
=260  \\$aHilversum$bFrits Knuf$c1968
=300  \\$a167 pages
=336  \\$aprinted
=490  \\$aBibliotheca Organologiva$vVol.XVIII
=648  \0$a18th Century (1701-1800)$1http://www.wikidata.org/entity/Q7015$920899
=650  \0$aOrgan$1http://www.wikidata.org/entity/Q1444$92810
=650  \0$aMusic history$1http://www.wikidata.org/entity/Q846047$921373
=651  \0$aGermany$1http://www.wikidata.org/entity/Q183$9155
=942  \\$cBOO
=952  \\$00$10$2ddc$40$6INS_3_000000000000000_1A$70$8INS$921305$aORPH$bORPH$cKTS0$d2020-07-08$eKoopman$i13B07$l0$oINS3.1a$p20124505$r2022-02-15 00:00:00$w2022-02-15$yBOO
=999  \\$d20710

