=LDR  01910cam a22003851  4500
=001  20718
=005  20250121142134.0
=008  870303r19701891gw\\\\\\\\\\\\000\0dger\\
=010  \\$a   09013465 
=040  \\$aOI
=041  \\$ager
=100  \\$aSittard, Josef$d1846-1903$4aut$1http://www.wikidata.org/entity/Q4192323$97760
=245  00$aZur Geschichte der Musik und des Theaters am Württembergischen Hofe
=260  \\$aHildesheim$aNew York$bOlms$c1970
=300  \\$a2 vols. in 1 (x-354+viii-220 pages)$c22 cm
=500  \\$aFacsimile
=505  0\$a1. Bd. 1458-1733.--2. Bd. 1733-1793.
=534  \\$cStuttgart: W. Kohlhammer, 1890-91
=590  \\$aNach originalquellen, von Josef Sittard
=600  \0$aKusser, Johann Sigismund$d1660-1727$1http://www.wikidata.org/entity/Q570932$923737
=600  \0$aJommelli, Niccolò$d1714-1774$1http://www.wikidata.org/entity/Q312891$94785
=600  \0$aSacchini, Antonio$d1730-1786$1http://www.wikidata.org/entity/Q366727$94759
=648  \0$a15th Century (1401-1500)$1http://www.wikidata.org/entity/Q7018$921015
=648  \0$a16th Century (1501-1600)$1http://www.wikidata.org/entity/Q7017$920944
=648  \0$a17th Century (1601-1700)$1http://www.wikidata.org/entity/Q7016$920923
=648  \0$a18th Century (1701-1800)$1http://www.wikidata.org/entity/Q7015$920899
=650  \0$aCourt$922191
=650  \0$aChurch music$1http://www.wikidata.org/entity/Q8812109$92283
=650  \0$aOpera$1http://www.wikidata.org/entity/Q1344$92468
=650  \0$aPatronage$1http://www.wikidata.org/entity/Q214092$94245
=650  \0$aMusic history$1http://www.wikidata.org/entity/Q846047$921373
=651  \0$aBaden-Württemberg (Germany)$1http://www.wikidata.org/entity/Q985$922802
=942  \\$cBOO
=952  \\$00$10$2ddc$40$6TOP_DE_MUN1$70$8TOP$921326$aORPH$bORPH$cKTS0$d2020-07-08$eKoopman$i14D40$l0$oTOP DE.MUN1$p20124651$r2022-02-23 00:00:00$w2022-02-23$yBOO
=999  \\$d20718

