=LDR  00929nam a22002297a 4500
=001  20720
=008  220223b\\\\\\\\nl\o||||\||||\00|\0\dut\d
=041  \\$adut
=100  \\$4aut$aVarious$94793
=245  \\$aDe orgels in de Grote- of Barbarakerk te Culemborg
=260  \\$aElburg$bStichting tot Behoud van het Nederlandse Orgel
=300  \\$a16 pages
=490  \\$aPublicatie nr. 26
=590  \\$anaar gegevens van P.A. Treffers
=650  \0$aOrgan$1http://www.wikidata.org/entity/Q1444$92810
=650  \0$aOrganology$1http://www.wikidata.org/entity/Q899293$921400
=651  \0$aNetherlands$1http://www.wikidata.org/entity/Q55$9173
=651  \0$aCulemborg (Netherlands)$927487
=700  \\$aTreffers, P.A.$4aut$927486
=942  \\$cBOO
=952  \\$00$10$2ddc$40$6INS_3_100000000000000_E_NL_CUL$70$8INS$921332$aORPH$bORPH$cKTS0$d2020-07-08$eKoopman$i29D18$l0$oINS 3.1 e NL.CUL$p20130830$r2022-02-23 00:00:00$w2022-02-23$yBOO
=999  \\$d20720

