=LDR  00882nam a22002057a 4500
=001  20721
=008  220223b\\\\\\\\|||o||||\||||\00|\0\dut\d
=041  \\$adut
=100  \\$4aut$aVlagsma, Auke H.$d-1939$915319
=245  \\$aDe orgelmaker Matthias Verhofstadt (1677-1731)
=260  \\$aElburg$bStichting tot Behoud van het Nederlandse Orgel
=300  \\$a12 pages
=490  \\$aPublicatie nr. 28
=648  \0$a18th Century (1701-1800)$1http://www.wikidata.org/entity/Q7015$920899
=650  \0$aOrgan$1http://www.wikidata.org/entity/Q1444$92810
=650  \0$aOrganology$1http://www.wikidata.org/entity/Q899293$921400
=651  \0$aNetherlands$1http://www.wikidata.org/entity/Q55$9173
=942  \\$cBOO
=952  \\$00$10$2ddc$40$6INS_3_000000000000000_1B_VERH$70$8INS$921333$aORPH$bORPH$cKTS0$d2020-07-08$eKoopman$i29D18$oINS3.1b VERH$p20130831$r2022-02-23 00:00:00$w2022-02-23$yBOO
=999  \\$d20721

