=LDR  01047nam a22002177a 4500
=001  20722
=008  220223b\\\\\\\\|||o||||\||||\00|\0\dut\d
=041  \\$adut
=100  \\$4aut$aUmmels, Henk$923744
=245  \\$aDe orgelhistorie van Apeldoorn$nVols. 1 & 2
=260  \\$aElburg$bStichting tot Behoud van het Nederlandse Orgel
=300  \\$a2 vols (19+16 pages)
=490  \\$aPublicatie nr. 30+34
=650  \0$aOrgan$1http://www.wikidata.org/entity/Q1444$92810
=650  \0$aOrganology$1http://www.wikidata.org/entity/Q899293$921400
=651  \0$aNetherlands$1http://www.wikidata.org/entity/Q55$9173
=651  \0$aApeldoorn (Netherlands)$925999
=942  \\$cBOO
=952  \\$00$10$2ddc$3I$40$6INS_3_100000000000000_A_NL_APE$70$8INS$921334$aORPH$bORPH$cKTS0$d2020-07-08$eKoopman$i29D18$oINS 3.1 a NL.APE$p20130832$r2022-02-23 00:00:00$w2022-02-23$yBOO
=952  \\$00$10$2ddc$3II$40$6INS_3_100000000000000_A_NL_APE$70$8INS$921337$aORPH$bORPH$cKTS0$d2020-07-08$eKoopman$i29D18$l0$oINS 3.1 a NL.APE$p20143636$r2022-02-23 00:00:00$w2022-02-23$yBOO
=999  \\$d20722

