=LDR  01402nam a2200289 a 4500
=001  20723
=005  20251003085500.0
=008  050825r19931687xx\\\\\\r\\\\\000\0\mul\d
=020  \\$a8870960463
=040  \\$aOI
=041  0\$aita$aeng
=100  \\$aIvanovich, Cristoforo$d1628-1689$4aut$1http://www.wikidata.org/entity/Q3246893$923743
=245  10$aMemorie teatrali di Venezia:$bcontengono diversi trattenimenti piacevoli della città, l'introduzione de' teatri, il titulo di tutti i drami rappresentati, col nome degli autori di poesia, e di musica sino a questo anno 1687
=260  \\$aLucca$bLibreria musicale italiana$c1993
=300  \\$alxvi-84 pages
=490  0\$aMusurgiana$v27
=500  \\$aFacsimile
=648  \0$a17th Century (1601-1700)$1http://www.wikidata.org/entity/Q7016$920923
=650  \0$aOpera$1http://www.wikidata.org/entity/Q1344$92468
=650  \0$aMusic history$1http://www.wikidata.org/entity/Q846047$921373
=650  \0$aTheater history$1http://www.wikidata.org/entity/Q1061140$94607
=650  \0$aCatalogue$1http://www.wikidata.org/entity/Q2352616$921484
=651  \0$aVenice (Italy)$1http://www.wikidata.org/entity/Q641$91
=700  1\$aDubowy, Norbert$4win
=942  \\$cBOO
=952  \\$00$10$2ddc$40$6TOP_IT_VEN1_5_000000000000000$70$8TOP$921335$aORPH$bORPH$cKTS0$d2020-07-08$eKoopman$i13B16$l0$oTOP IT.VEN1 5$p20124496$r2022-02-23 00:00:00$w2022-02-23$yBOO
=999  \\$d20723

