=LDR  00854nam a22001937a 4500
=001  20724
=008  220223b\\\\\\\\nl\o||||\||||\00|\0\dut\d
=041  \\$adut
=100  \\$4aut$aJongepier, Jan$d1941-2011$1http://www.wikidata.org/entity/Q1681910$919428
=245  \\$aHet Maarschalkerweerd-Orgel in de St. Martinuskerk te Sneek
=260  \\$aElburg$bStichting tot Behoud van het Nederlandse Orgel
=300  \\$a30 pages
=490  \\$aPublicatie nr. 31
=650  \0$aOrgan$1http://www.wikidata.org/entity/Q1444$92810
=650  \0$aChurch$1http://www.wikidata.org/entity/Q16970$93776
=651  \0$aNetherlands$1http://www.wikidata.org/entity/Q55$9173
=942  \\$cBOO
=952  \\$00$10$2ddc$40$6INS_3_000000000000000_1E_NL_SNE$70$8INS$921336$aORPH$bORPH$cKTS0$d2020-07-08$eKoopman$i29D18$l0$oINS 3.1e NL.SNE$p20130833$r2022-02-23 00:00:00$w2022-02-23$yBOO
=999  \\$d20724

