=LDR  00873nam a22002057a 4500
=001  20725
=008  220223s1991\\\\nl\o||||\||||\00|\0\dut\d
=041  \\$adut
=100  \\$4aut$aEdskes, Cornelius H.$910670
=245  \\$aHet orgel in de Ned. Herv. Kerk te 't Zandt
=260  \\$aElburg$bStichting tot Behoud van het Nederlandse Orgel
=300  \\$a15 pages
=490  \\$aPublicatie no. 35
=500  \\$a't Zandt is a small village near Delfzijl in Groningen (NL)
=650  \0$aOrgan$1http://www.wikidata.org/entity/Q1444$92810
=650  \0$aOrganology$1http://www.wikidata.org/entity/Q899293$921400
=651  \0$aNetherlands$1http://www.wikidata.org/entity/Q55$9173
=942  \\$cBOO
=952  \\$00$10$2ddc$40$6INS_3_000000000000000_1E_NL_ZAN2$70$8INS$921338$aORPH$bORPH$cKTS0$d2020-07-08$eKoopman$i29D18$oINS 3.1e NL.ZAN2$p20130834$r2022-02-23 00:00:00$w2022-02-23$yBOO
=999  \\$d20725

