=LDR  01040nam a22002057a 4500
=001  20726
=008  220223b\\\\\\\\nl\o||||\||||\00|\0\dut\d
=041  \\$adut
=100  \\$4aut$aVlagsma, Auke H.$d-1939$915319
=245  \\$aHet Niehoff-orgel van de Grote of St. Janskerk te Gouda
=260  \\$aElburg$bStichting tot Behoud van het Nederlandse Orgel
=300  \\$a15 pages
=490  \\$aPublicatie no. 36
=500  \\$aHendrik Niehoff (c.1495-1560) was one of the most important organ makers of his time. He built the organ for the St. Janskerk in Gouda for the sum of  380 Carolus guilders and 200 pounds of cheese.
=650  \0$aOrgan$1http://www.wikidata.org/entity/Q1444$92810
=650  \0$aOrganology$1http://www.wikidata.org/entity/Q899293$921400
=651  \0$aGouda (Netherlands)$1http://www.wikidata.org/entity/Q84125$920853
=942  \\$cBOO
=952  \\$00$10$2ddc$40$6INS_3_000000000000000_1E_NL_GOU$70$8INS$921339$aORPH$bORPH$cKTS0$d2020-07-08$eKoopman$i29D18$l0$oINS 3.1e NL.GOU$p20130835$r2022-02-23 00:00:00$w2022-02-23$yBOO
=999  \\$d20726

