=LDR  00930nam a22002057a 4500
=001  20727
=008  220223b\\\\\\\\nl\o||||\||||\00|\0\dut\d
=041  \\$adut
=100  \\$4aut$aPanman, Ed$913162
=245  \\$aHet Garrels-Radeker Orgel in de Ned. Herv. Magnuskerk te Anloo
=260  \\$aElburg$bStichting tot Behoud van het Nederlandse Orgel
=300  \\$a15 pages
=490  \\$aPublicatie nr. 37
=500  \\$aAnloo is a small village in Drenthe (NL), the church in Anloo dates from the 11th century. 
=650  \0$aOrgan$1http://www.wikidata.org/entity/Q1444$92810
=650  \0$aOrganology$1http://www.wikidata.org/entity/Q899293$921400
=651  \0$aAnloo (Netherlands)$1http://www.wikidata.org/entity/Q2850371$925487
=942  \\$cBOO
=952  \\$00$10$2ddc$40$6INS_3_000000000000000_1E_NL_ANL$70$8INS$921340$aORPH$bORPH$cKTS0$d2020-07-08$eKoopman$i29D18$l0$oINS 3.1e NL.ANL$p20130836$r2022-02-23 00:00:00$w2022-02-23$yBOO
=999  \\$d20727

