=LDR  00925nam a22002057a 4500
=001  20728
=008  220223s1994\\\\nl\o||||\||||\00|\0\dut\d
=041  \\$adut
=100  \\$aAlgra, H.P.$4aut$927488
=245  \\$aJohann Michaell Schwartzburg, orgelmaker te Leeuwarden
=260  \\$aElburg$bStichting tot Behoud van het Nederlandse Orgel
=300  \\$a15 pages
=490  \\$aPublicatie nr. 43
=500  \\$aSchwartzburg built several organs in Friesland (NL): Wolvega, Burgwerd, Leeuwarden, Morra, Beers.
=650  \0$aOrgan$1http://www.wikidata.org/entity/Q1444$92810
=650  \0$aOrganology$1http://www.wikidata.org/entity/Q899293$921400
=651  \0$aFriesland (Netherlands)$1http://www.wikidata.org/entity/Q770$921961
=942  \\$cBOO
=952  \\$00$10$2ddc$40$6INS_3_000000000000000_1B_SCHW$70$8INS$921341$aORPH$bORPH$cKTS0$d2020-07-08$eKoopman$i29D18$l0$oINS 3.1b SCHW$p20130840$r2022-02-23 00:00:00$w2022-02-23$yBOO
=999  \\$d20728

