=LDR  00828nam a22001937a 4500
=001  20729
=008  220223s1995\\\\nl\f||||\||||\00|\0\dut\d
=041  \\$adut
=100  \\$aBos, Han$4aut$927489
=245  \\$aDe orgels van de Grote of Sint-Gertrudiskerk te Bergen op Zoom
=260  \\$aElburg$bStichting tot behoud van het Nederlandse Orgel
=300  \\$a31 pages
=490  \\$aPublicatie no. 44
=650  \0$aOrgan$1http://www.wikidata.org/entity/Q1444$92810
=650  \0$aOrganology$1http://www.wikidata.org/entity/Q899293$921400
=651  \0$aBergen op Zoom (Netherlands)$1http://www.wikidata.org/entity/Q192508$925481
=942  \\$cBOO
=952  \\$00$10$2ddc$40$6INS_3_000000000000000_1E_NL_BER$70$8INS$921342$aORPH$bORPH$cKTS0$d2020-07-08$eKoopman$i29D18$l0$oINS 3.1e NL.BER$p20130841$r2022-02-23 00:00:00$w2022-02-23$yBOO
=999  \\$d20729

