=LDR  00848nam a22001937a 4500
=001  20730
=008  220223s1997\\\\nl\f||||\||||\00|\0\dut\d
=041  \\$adut
=100  \\$4aut$aKuilenburg, Wout van$917631
=245  \\$aOrgels in Boxmeer
=260  \\$aElburg$bStichting tot Behoud van het Nederlandse Orgel$c1997
=300  \\$a24 pages
=490  \\$aPublicatie van de Stichting tot behoud van het Nederlandse Orgel$vvol. 46
=650  \0$aOrgan$1http://www.wikidata.org/entity/Q1444$92810
=650  \0$aOrganology$1http://www.wikidata.org/entity/Q899293$921400
=651  \0$aBoxmeer (Netherlands)$1http://www.wikidata.org/entity/Q9819$925476
=942  \\$cBOO
=952  \\$00$10$2ddc$40$6INS_3_000000000000000_1E_NL_BOX$70$8INS$921343$aORPH$bORPH$cKTS0$d2020-07-08$eKoopman$i29D18$l0$oINS 3.1e NL.BOX$p20130842$r2022-02-23 00:00:00$w2022-02-23$yBOO
=999  \\$d20730

