=LDR  00858nam a22001937a 4500
=001  20731
=008  220223s1997\\\\nl\f||||\||||\00|\0\dut\d
=041  \\$adut
=100  \\$4aut$aSeijbel, Maarten$916973
=245  \\$aHet enige Naber-orgel in Deventer
=260  \\$aElburg$bStichting tot Behoud van het Nederlandse Orgel$c1997
=300  \\$a12 Pages
=490  \\$aPublicatie van de Stichting tot behoud van het Nederlandse Orgel $vvol. 47
=650  \0$aOrgan$1http://www.wikidata.org/entity/Q1444$92810
=650  \0$aOrganology$1http://www.wikidata.org/entity/Q899293$921400
=651  \0$aDeventer (Netherlands)$1http://www.wikidata.org/entity/Q10001$9105
=942  \\$cBOO
=952  \\$00$10$2ddc$40$6INS_3_000000000000000_1E_NL_DEV$70$8INS$921344$aORPH$bORPH$cKTS0$d2020-07-08$eKoopman$i29D18$oINS 3.1e NL.DEV$p20130843$r2022-02-23 00:00:00$w2022-02-23$yBOO
=999  \\$d20731

