=LDR  00884nam a22001937a 4500
=001  20733
=008  220223s2000\\\\nl\f||||\||||\00|\0\dut\d
=041  \\$adut
=100  \\$4aut$aSeijbel, Maarten$916973
=245  \\$aDe orgelgeschiedenis van de Ned. Herv.- of St. Willibrorduskerk te Olst
=260  \\$aElburg$bStichting tot Behoud van het Nederlandse Orgel$c2000
=300  \\$a12 pages
=490  \\$aPublicatie van de Stichting tot behoud van het Nederlandse Orgel$vvol. 53
=650  \0$aOrgan$1http://www.wikidata.org/entity/Q1444$92810
=650  \0$aOrganology$1http://www.wikidata.org/entity/Q899293$921400
=651  \0$aNetherlands$1http://www.wikidata.org/entity/Q55$9173
=942  \\$cBOO
=952  \\$00$10$2ddc$40$6INS_3_000000000000000_1E_NL_OLS$70$8INS$921346$aORPH$bORPH$cKTS0$d2020-07-08$eKoopman$i29D18$l0$oINS 3.1e NL.OLS$p20130845$r2022-02-23 00:00:00$w2022-02-23$yBOO
=999  \\$d20733

