=LDR  01028nam a22002177a 4500
=001  20734
=008  220223s2001\\\\nl\f||||\||||\00|\0\dut\d
=041  \\$adut
=100  \\$4aut$aSeijbel, Maarten$916973
=245  \\$aTwee Orgels uit het IJssellandschap wachten op restauratie
=260  \\$aElburg$bStichting tot Behoud van het Nederlandse Orgel$c2001
=300  \\$a11 pages
=490  \\$aPublicatie van de Stichting tot behoud van het Nederlandse Orgel $vvol. 54
=500  \\$aAbout organs in Welsum and Zalk
=650  \0$aOrgan$1http://www.wikidata.org/entity/Q1444$92810
=650  \0$aConservation and restoration$1http://www.wikidata.org/entity/Q217102$922845
=650  \0$aOrganology$1http://www.wikidata.org/entity/Q899293$921400
=651  \0$aOverijssel (Netherlands)$1http://www.wikidata.org/entity/Q773$924991
=942  \\$cBOO
=952  \\$00$10$2ddc$40$6INS_3_000000000000000_1A_NL_OVE$70$8INS$921347$aORPH$bORPH$cKTS0$d2020-07-08$eKoopman$i29D18$l0$oINS 3.1a NL.OVE$p20130846$r2022-02-23 00:00:00$w2022-02-23$yBOO
=999  \\$d20734

