=LDR  01261nam a22002177a 4500
=001  20735
=008  220223s2001\\\\nl\f||||\||||\00|\0\dut\d
=041  \\$adut
=245  \\$aHet orgel in de kerk van Tolbert en Andere activiteiten van de orgelmakers Van Oeckelen in het Zuidelijk Westerkwartier
=260  \\$aElburg$bStichting tot Behoud van het Nederlandse Orgel$c2001
=300  \\$a32 pages
=490  \\$aPublicatie van de Stichting tot behoud van het Nederlandse Orgel$vvol. 55
=500  \\$aThe article by Jongepier is about the organ in the (13th c.) church of Tolbert, a village in Groningen. 
The article by Timmer deals with the organ makers Van Oeckelen, who worked in the same environment.
=650  \0$aOrgan$1http://www.wikidata.org/entity/Q1444$92810
=650  \0$aOrganology$1http://www.wikidata.org/entity/Q899293$921400
=651  \0$aGroningen (Netherlands)$1http://www.wikidata.org/entity/Q749$922634
=700  \\$4aut$aJongepier, Jan$d1941-2011$1http://www.wikidata.org/entity/Q1681910$919428
=700  \\$aTimmer, Victor$4aut$915724
=942  \\$cBOO
=952  \\$00$10$2ddc$40$6INS_3_000000000000000_1A_NL_GRO$70$8INS$921348$aORPH$bORPH$cKTS0$d2020-07-08$eKoopman$i29D18$l0$oINS 3.1a NL.GRO$p20130847$r2022-02-23 00:00:00$w2022-02-23$yBOO
=999  \\$d20735

