=LDR  00912nam a22002057a 4500
=001  20741
=008  220228s2003\\\\nl\f||||\||||\00|\0\dut\d
=041  \\$adut
=100  \\$4aut$aSeijbel, Maarten$916973
=245  \\$aVerloren Orgelpracht in de loop der eeuwen
=260  \\$aElburg$bStichting tot behoud van het Nederlandse Orgel$c2003
=300  \\$a48 pages
=490  \\$aPublicatie van de Stichting tot behoud van het Nederlandse Orgel$v59
=500  \\$aAbout Dutch historical organs that have not survived.
=650  \0$aOrgan$1http://www.wikidata.org/entity/Q1444$92810
=650  \0$aOrganology$1http://www.wikidata.org/entity/Q899293$921400
=651  \0$aNetherlands$1http://www.wikidata.org/entity/Q55$9173
=942  \\$cBOO
=952  \\$00$10$2ddc$40$6INS_3_000000000000000_1A_NL$70$8INS$921355$aORPH$bORPH$cKTS0$d2020-07-08$eKoopman$i29D18$l0$oINS 3.1a NL$p20130850$r2022-02-28 00:00:00$w2022-02-28$yBOO
=999  \\$d20741

