=LDR  00701nam a22001697a 4500
=001  20742
=008  220228|\\\\\\\\nl\f||||\||||\00|\0\dut\d
=041  \\$adut
=100  \\$4aut$aRuiter, Willem de$919430
=245  \\$aGeschiedenis van het Lohman-Orgel in de N.H. Dorpskerk te De Bilt
=300  \\$a20 pages
=650  \0$aOrganology$1http://www.wikidata.org/entity/Q899293$921400
=650  \0$aOrgan$1http://www.wikidata.org/entity/Q1444$92810
=651  \0$aNetherlands$1http://www.wikidata.org/entity/Q55$9173
=942  \\$cBOO
=952  \\$00$10$2ddc$40$6INS_3_000000000000000_1E_NL_BIL$70$8INS$921356$aORPH$bORPH$cKTS0$d2020-07-08$eKoopman$oINS3.1e NL.BIL$p20138460$r2022-02-28 00:00:00$w2022-02-28$yBOO
=999  \\$d20742

