=LDR  00789nam a22001817a 4500
=001  20743
=008  220228s1981\\\\nl\f||||\||||\00|\0\dut\d
=041  \\$adut
=100  \\$aMartijnse, J.$4aut$927490
=245  \\$aHet orgel in de Grote- of St. Janskerk te Schiedam
=260  \\$aElburg$bStichting tot behoud van het Nederlandse Orgel$c1981
=300  \\$a15 pages
=650  \0$aOrgan$1http://www.wikidata.org/entity/Q1444$92810
=650  \0$aOrganology$1http://www.wikidata.org/entity/Q899293$921400
=651  \0$aSchiedam (Netherlands)$1http://www.wikidata.org/entity/Q204709$925502
=942  \\$cBOO
=952  \\$00$10$2ddc$40$6INS_3_000000000000000_1E_NL_SCH5$70$8INS$921357$aORPH$bORPH$cKTS0$d2020-07-08$eKoopman$i29D18$l0$oINS 3.1e NL.SCH5$p20130852$r2022-02-28 00:00:00$w2022-02-28$yBOO
=999  \\$d20743

