=LDR  01012nam a22002057a 4500
=001  20745
=008  220228s1997\\\\gw\f||||\||||\00|\0\ger\d
=041  \\$ager
=100  \\$aKitschke, Andreas$4aut$927491
=245  \\$aBasedow. Kirche und Orgel.$bLkr. Demmin, Ev.-Luth. Landeskirche Mecklenburgs
=260  \\$aPassau$bPeda$c1997$c2002
=300  \\$a23 pages
=500  \\$a2 copies: one from 1997, one from 2002
=650  \0$aChurch$1http://www.wikidata.org/entity/Q16970$93776
=650  \0$aOrgan$1http://www.wikidata.org/entity/Q1444$92810
=651  \0$aGermany$1http://www.wikidata.org/entity/Q183$9155
=942  \\$cBOO
=952  \\$00$10$2ddc$3ed. 1997$40$6INS_3_000000000000000_1E_DE_BAS$70$8INS$921359$aORPH$bORPH$cKTS0$d2020-07-08$eKoopman$i29D19$l0$oINS3.1e DE.BAS$p20130817$r2022-02-28 00:00:00$w2022-02-28$yBOO
=952  \\$00$10$2ddc$3ed. 2002$40$6INS_3_000000000000000_1E_DE_BAS$70$8INS$923424$aORPH$bORPH$cKTS0$d2020-07-08$eKoopman$l0$oINS3.1e DE.BAS$p20143637$r2024-06-26 00:00:00$w2022-02-28$yBOO
=999  \\$d20745

