=LDR  00727nam a22001697a 4500
=001  20746
=008  220228s2003\\\\nl\f||||\||||\00|\0\dut\d
=041  \\$adut
=245  \\$aFlentrop Orgelbouw. 100 Jaar 1903-2003.$bProgrammaboekje Orgel-Concertestafette
=260  \\$aZaandam$bFrentrop Orgelbouw B.V.$c2003
=300  \\$a51 pages
=650  \0$aOrgan$1http://www.wikidata.org/entity/Q1444$92810
=650  \0$aConcert$1http://www.wikidata.org/entity/Q182832$921044
=651  \0$aNetherlands$1http://www.wikidata.org/entity/Q55$9173
=942  \\$cBOO
=952  \\$00$10$2ddc$40$6INS_3_000000000000000_1B_FLEN$70$8INS$921360$aORPH$bORPH$cKTS0$d2020-07-08$eKoopman$i29D19$l0$oINS3.1b FLEN$p20130821$r2022-02-28 00:00:00$w2022-02-28$yBOO
=999  \\$d20746

