=LDR  00932nam a22002057a 4500
=001  20747
=008  220228s1979\\\\nl\f||||\||||\00|\0\dut\d
=041  \\$ager
=100  \\$4edt$aEppelsheim, Jürgen$910759
=245  \\$aFestschrift zur Einweihung der restaurierten Johann Michael Stumm-Orgel in der evangelische Kirche Rhaunen
=260  \\$aRhaunen$bReha GmbH$c1979
=300  \\$a15 pages
=500  \\$aThe organ was originally built by Johann Michael Stumm in 1723.
=590  \\$aam Sonntag dem 14. Januar 1979 um 14.00 Uhr
=650  \0$aOrgan$1http://www.wikidata.org/entity/Q1444$92810
=650  \0$aOrganology$1http://www.wikidata.org/entity/Q899293$921400
=651  \0$aGermany$1http://www.wikidata.org/entity/Q183$9155
=942  \\$cBOO
=952  \\$00$10$2ddc$40$6INS_3_000000000000000_1E_DE_RHA$70$8INS$921361$aORPH$bORPH$cKTS0$d2020-07-08$eKoopman$i29D19$l0$oINS3.1e DE.RHA$p20130822$r2022-02-28 00:00:00$w2022-02-28$yBOO
=999  \\$d20747

