=LDR  01082nam a22002057a 4500
=001  20748
=008  220228s1991\\\\gw\f||||\||||\00|\0\ger\d
=041  \\$ager
=100  \\$4ctb$aKoch, Georg$922046
=245  \\$aOrgeln in der Pfarrkirche St. Martin zu Riegel
=260  \\$aRiegel$bKatholische Pfarrgemeinde St. Martin$c1991
=300  \\$a12 pages
=650  \0$aOrgan$1http://www.wikidata.org/entity/Q1444$92810
=650  \0$aOrganology$1http://www.wikidata.org/entity/Q899293$921400
=651  \0$aBaden-Württemberg (Germany)$1http://www.wikidata.org/entity/Q985$922802
=710  \\$aKatholische Pfarrgemeinde St. Martin (Riegel, Germany)$1http://www.wikidata.org/entity/Q1121842$923767
=942  \\$cBOO
=952  \\$00$10$2ddc$40$6INS_3_000000000000000_1E_DE_RIE$70$8INS$921362$aORPH$bORPH$cKTS0$d2020-07-08$eKoopman$i29D19$l0$oINS3.1e DE.RIE$p20130824$r2022-02-28 00:00:00$w2022-02-28$yBOO
=952  \\$00$10$2ddc$40$6INS_3_000000000000000_1E_DE_RIE$70$8INS$923489$aORPH$bORPH$cKTS0$d2020-07-08$eKoopman$i28E27$l0$oINS3.1e DE.RIE$p20130800$r2024-07-09 00:00:00$w2022-02-28$yBOO
=999  \\$d20748

