=LDR  00917nam a22002057a 4500
=001  20750
=008  220228s1995\\\\nl\f||||\||||\00|\0\dut\d
=041  \\$adut
=100  \\$4aut$aWullink, Henny$920809
=245  \\$aJohan Christoff Scheuer (1776-1854).$bHet einde van een Zwolse orgelmakerij
=260  \\$aDelden $bStichting Drents-Overijsselse Kerken$c1995
=300  \\$a29 pages$bphotocopy
=490  \\$aBulletin van de Stichting Drents-Overijsselse Kerken$v13
=600  \0$aScheuer, Johan C.$923776
=650  \0$aOrgan$1http://www.wikidata.org/entity/Q1444$92810
=650  \0$aOrganology$1http://www.wikidata.org/entity/Q899293$921400
=651  \0$aZwolle (Netherlands)$1http://www.wikidata.org/entity/Q793$985
=942  \\$cBOO
=952  \\$00$10$2ddc$40$6INS_3_000000000000000_1B_SCHE$70$8INS$921365$aORPH$bORPH$cKTS0$d2020-07-08$eKoopman$i29D19$l0$oINS 3.1b SCHE$p20130826$r2022-02-28 00:00:00$w2022-02-28$yBOO
=999  \\$d20750

