=LDR  00822nam a22001697a 4500
=001  20751
=008  220228|\\\\\\\\nl\a||||\||||\00|\0\dut\d
=041  \\$adut
=100  \\$aEck, Ton van$920795
=245  \\$aVan Kanaalstraat naar Koepelkerk$bDe orgelgeschiedenis van de r.k. parochie van de H. Nicolaas en de restauratie van het Witte-orgel uit de Doopsgezinde kerk in Purmerend
=300  \\$a18 pages
=650  \0$aOrgan$1http://www.wikidata.org/entity/Q1444$92810
=650  \0$aOrganology$1http://www.wikidata.org/entity/Q899293$921400
=651  \0$aPurmerend (Netherlands)$1http://www.wikidata.org/entity/Q9954$925510
=942  \\$cBOO
=952  \\$00$10$2ddc$40$6INS_3_000000000000000_1E_NL_PUR$70$8INS$921366$aORPH$bORPH$cKTS0$d2020-07-08$eKoopman$i29D19$l0$oINS3.1e NL.PUR$p20130827$r2022-02-28 00:00:00$w2022-02-28$yBOO
=999  \\$d20751

