=LDR  00652nam a22001697a 4500
=001  20752
=008  220228s1993\\\\nl\f||||\||||\00|\0\dut\d
=041  \\$adut
=245  \\$aOrgel N.H. Gemeente Bloemendaal
=260  \\$c1993
=300  \\$a16 pages
=650  \0$aOrgan$1http://www.wikidata.org/entity/Q1444$92810
=650  \0$aOrganology$1http://www.wikidata.org/entity/Q899293$921400
=651  \0$aNetherlands$1http://www.wikidata.org/entity/Q55$9173
=942  \\$cBOO
=952  \\$00$10$2ddc$40$6INS_3_000000000000000_1E_NL_BLO$70$8INS$921367$aORPH$bORPH$cKTS0$d2020-07-08$eKoopman$i29D19$l0$oINS3.1e NL.BLO$p20130828$r2022-02-28 00:00:00$w2022-02-28$yBOO
=999  \\$d20752

