=LDR  01958nam a22002417a 4500
=001  20769
=008  220331r16951996gw\h||||\||||\00|\0\ger\d
=041  \\$ager
=100  \\$4aut$aAnonymous$94790
=245  \\$aGründliche Beschreibung der wunderschönen Kirche und des kunstbaren Orgelwerks wie auch des großes Fasses auf dem Kurfürstlichen Residenzhause Gröningen
=250  \\$aReprint
=260  \\$c1695$c1996
=300  \\$a16 pages-xii 
=336  \\$aprinted
=500  \\$aAm 2. August 1596 versammelten sich in der Kapelle des neu erbauten erzbischöflichen Residenzschlosses zu Gröningen bei Halberstadt 54 der bedeutendsten Organisten aus allen Teilen  Deutschlands, darunter Hans Leo Haßler, Joachim a Burgk und Michael Praetorius. Der Hausherr, Herzog Heinrich Julius von Braunscheig-Lüneburg (1564-1613), postulierter Bischof von Halberstadt, hatte eingeladen, die durch den Halberstädter David Beck 1592 bis 1596 aufgerichtete Orgel zu „probieren“.

Die historische Bedeutung, die der nicht erhalten gebliebene Gröninger Renaissancebau besaß, die 400. Wiederkehr jener denkwürdigen Einweihung der David-Beck-Orgel, aber auch die notwendige Erinnerung an ein Instrument, welches mit den Namen der wegbereitenden Musiktheoretiker Praetorius und Werckmeister unmittelbar verbunden ist, sollte Grund genug sein, einen Nachdruck der „Gründlichen Beschreibung“ vorzulegen.
=648  \0$a17th Century (1601-1700)$1http://www.wikidata.org/entity/Q7016$920923
=650  \0$aOrgan$1http://www.wikidata.org/entity/Q1444$92810
=650  \0$aOrganology$1http://www.wikidata.org/entity/Q899293$921400
=651  \0$aGroningen (Netherlands)$1http://www.wikidata.org/entity/Q749$922634
=700  \\$4ctb$aReipsch, Ralph-Jürgen$99447
=942  \\$cBOO
=952  \\$00$10$2ddc$40$6INS_3_000000000000000_1A_NL_GRO$70$8INS$921414$aORPH$bORPH$cKTS0$d2020-07-08$eKoopman$i14B45$oINS 3.1a NL.GRO$p20124597$r2022-03-31 00:00:00$w2022-03-31$yBOO
=999  \\$d20769

