=LDR  00803nac a22001697a 4500
=001  20779
=005  20251103104431.0
=008  220404m\\\\\\\\|||af|||\||||\00|\d\dut\d
=041  \\$adut
=100  \\$4aut$aKrul, Jan Harmenszoon$d1601-1646$1http://www.wikidata.org/entity/Q2119242$94896
=245  \\$a[Collection of Poetry and Plays]
=336  \\$aprinted
=505  \\$g'Minne-spiegel ter deughden'
'Liefdens zang-vreugde'
'Alcip en Amarillis. Bly-eind spel'
'Faustina. Bly-eind spel'
'Celion en Bellinde'
'Wegh-wyser ter deughden'
=561  \\$aEx libris D. Zwart 'Te Zaandam 21 dec. 1892' (ms.)
=942  \\$cBOO
=952  \\$00$10$2ddc$40$6KTS_1_000000000000000_C2_12_H2080AF$70$8RAR$921424$aORPH$bORPH$cKTS1_C2$d2020-07-08$eKoopman$l0$oKTS1 C2.12 H2-080a-f$p20138605$r2022-04-04 00:00:00$w2022-04-04$yBOO
=999  \\$d20779

