=LDR  01133nac a22001817a 4500
=001  20782
=008  220407m\\\\\\\\|||af|||\||||\00|\p\mul\d
=041  \\$ager$alat
=245  \\$a[Collection of Poetry and Literature]
=336  \\$aprinted
=505  \\$gPoëtische Erquick-Stunden / Paul Pfeffer -- Theatralische geistliche, vermischte und galante Gedichte / Johann Ulrich von König -- Poetisches Cabinet / Behmeno -- Poetischer Lust-Garten von unterschiedenen Gedichten, nebst einigen aus des Herrn de La Serre Pensées de l’Eternité in Deutsche Reime gebrachten Moralien / Heinrich Hochgesang -- Anagrammatismo libri II / Christian Serpilius
=648  \0$a18th Century (1701-1800)$1http://www.wikidata.org/entity/Q7015$920899
=650  \0$aPoetry$1http://www.wikidata.org/entity/Q482$93026
=650  \0$aLinguistics$1http://www.wikidata.org/entity/Q8162$93902
=651  \0$aGermany$1http://www.wikidata.org/entity/Q183$9155
=942  \\$cBOO
=952  \\$00$10$2ddc$40$6KTS_1_000000000000000_C2_14_H2110$70$8RAR$921434$aORPH$bORPH$cKTS1_C2$d2020-07-08$eKoopman$l0$oKTS1 C2.14 H2-110$p20138641$r2022-04-07 00:00:00$w2022-04-07$yBOO
=999  \\$d20782

