=LDR  00431ncc a22001217a 4500
=001  20783
=008  220407b\\\\\\\\||||||||\||||\00|\0\###\d
=041  \\$afre
=245  \\$a[Livres des chansons]
=563  \\$aBound in white vellum
=942  \\$cSCO
=952  \\$00$10$2ddc$40$6KTS_1_000000000000000_C2_14_H2117AF$70$8RAR$921435$aORPH$bORPH$cKTS1_C2$d2020-07-08$eKoopman$l0$oKTS1 C2.14 H2-117a-f$p20138648$r2022-04-07 00:00:00$w2022-04-07$ySCO
=999  \\$d20783

