=LDR  00385nam a22000977a 4500
=001  20785
=008  220413b\\\\\\\\||||||||\||||\00|\0\###\d
=245  \\$a[Quinault Libretti for 6 Lully operas]
=942  \\$cBOO
=952  \\$00$10$2ddc$40$6KTS_1_000000000000000_C2_14_H2132$70$8RAR$921437$aORPH$bORPH$cKTS1_C2$d2020-07-08$eKoopman$l0$oKTS1 C2.14 H2-132$p20138665$r2022-04-13 00:00:00$w2022-04-13$yBOO
=999  \\$d20785

