=LDR  00918nam a22002177a 4500
=001  20786
=008  220413r17381981gw\h||||\||||\00|\0\ger\d
=041  \\$ager
=100  \\$4aut$aBiermann, Johann Hermann$923920
=245  \\$aOrganographia Hildesiensis Specialis
=260  \\$aBuren$bFrits Knuf$c1738$c1981
=336  \\$aprinted
=505  \\$gContains facsimile and a commentary of 32 pages
=650  \0$aOrgan$1http://www.wikidata.org/entity/Q1444$92810
=650  \0$aOrganology$1http://www.wikidata.org/entity/Q899293$921400
=650  \0$aMethod$1http://www.wikidata.org/entity/Q2250960$921402
=651  \0$aGermany$1http://www.wikidata.org/entity/Q183$9155
=700  \\$4edt$aWilliams, Peter$d1937-2016$915535
=942  \\$cBOO
=952  \\$00$10$2ddc$40$6INS_3_000000000000000_1A_DE_HIL$70$8INS$921438$aORPH$bORPH$cKTS0$d2020-07-08$eKoopman$i13A09$oINS3.1a DE.HIL$p20126058$r2022-04-13 00:00:00$w2022-04-13$yBOO
=999  \\$d20786

