=LDR  01154nam a22002417a 4500
=001  20816
=008  220428s1991\\\\gw\a||||\||||\00|\0\ger\d
=041  \\$ager
=100  \\$4aut$aSchindler, Jürgen-Peter$924022
=245  \\$aDer Nürnberg Orgelbau des 17. Jahrhunderts.$bLeben und Werk der Nürnberger Stadtorgelmacher Stefan Cuntz und Nicolaus Manderscheidt
=260  \\$aBlankenburg$bInstitut für Auffürungspraxis  Michaelstein$c1991
=300  \\$a126 pages
=336  \\$aprinted
=600  \0$aCuntz, Steffan$dc. 1575-1629$924023
=600  \0$aManderscheidt, Nicolaus$d1580-1662$924024
=648  \0$a17th Century (1601-1700)$1http://www.wikidata.org/entity/Q7016$920923
=650  \0$aOrgan$1http://www.wikidata.org/entity/Q1444$92810
=650  \0$aOrganology$1http://www.wikidata.org/entity/Q899293$921400
=651  \0$aNuremberg (Germany)$1http://www.wikidata.org/entity/Q2090$921596
=700  \\$4edt$aThom, Eitelfriedrich$920417
=942  \\$cBOO
=952  \\$00$10$2ddc$40$6INS_3_000000000000000_1B_DE_NUR$70$8INS$921480$aORPH$bORPH$cKTS0$d2020-07-08$eKoopman$iTS Michst.$l0$oINS3.1b DE.NUR$p20138734$r2022-04-28 00:00:00$w2022-04-28$yBOO
=999  \\$d20816

