=LDR  01937nam a22002537a 4500
=001  20829
=008  220512n\\\\\\\\|||fg|||\||||\00|\0\ger\d
=041  \\$ager
=245  \\$aNeujahrsblätter der Gesellschaft ab dem Musiksaal:$bTitelblätter 1685-1759
=260  \\$aZürich$bZentralbibliothek$cc. 1993
=300  \\$a[86] pages
=500  \\$aPrint of Mikrofilm AMG Q 332 (Zentralbibliothek Zürch)
=500  \\$aFrom the beginning of the 17th century, various music societies or ‘Collegia musica’ existed in Zurich. Originally strongly supported by the Latin students and teachers, a lot of sacred music was sung there, but instrumental music was also played. The various societies merged several times, as their ‘family tree’ shows:
More and more Zurich music lovers were accepted as new members of the societies, where they had the opportunity to listen to music performed by larger ensembles. From the 18th century at the latest, they were supported by music-loving members of the city's most prestigious families. The societies repeatedly tried to attract professional musicians as members.
=500  \\$aGesellschaft ab dem Musiksaal beim Kornhaus, Zürich was founded 1613
=561  \\$aHandwritten dedication to Ton Koopman, 31 August 1993
=648  \0$a18th Century (1701-1800)$1http://www.wikidata.org/entity/Q7015$920899
=648  \0$a17th Century (1601-1700)$1http://www.wikidata.org/entity/Q7016$920923
=650  \0$aIconography$1http://www.wikidata.org/entity/Q208145$921259
=650  \0$aCollegium musicum$1http://www.wikidata.org/entity/Q117540$922461
=650  \0$aMusic history$1http://www.wikidata.org/entity/Q846047$921373
=651  \0$aZürich (Switzerland)$1http://www.wikidata.org/entity/Q72$921130
=942  \\$cBOO
=952  \\$00$10$2ddc$40$6TOP_CH_ZUR_5_000000000000000$70$8TOP$921521$aORPH$bORPH$cKTS0$d2020-07-08$eKoopman$i14H60$l0$oTOP CH.ZUR 5$p20126362$r2022-05-12 00:00:00$w2022-05-12$yBOO
=999  \\$d20829

