=LDR  01389nam a22002057a 4500
=001  20830
=005  20250926134858.0
=008  220512r19531720|||h||||\||||\00|\0\ger\d
=100  \\$4aut$aLünig, Johann Christian$d1662-1740$1http://www.wikidata.org/entity/Q1291744$924193
=245  \\$aTheatrum ceremoniale historico-politicum$bOder historisch- und politischer Schau-Platz aller Ceremonien, so wohl an Europäischen Hofen, als auch sonsten bey vielen Illustren Fällen beobachtet worden [excerpt]$nAnderer Theil$pNebst unterschiedlichen Hof-Ordnungen, Rang-Reglementenn und anderen curieusen Piecen, wie auch dem Europäischen Cantzley-Ceremoniel, Elenchis und Registern
=260  \\$aLeipzig$bWeidmann$c1720
=600  \0$aBach, Johann Sebastian$d1685-1750$1http://www.wikidata.org/entity/Q1339$94766
=610  \0$aJakobskirche (Weimar, Germany)$1http://www.wikidata.org/entity/Q1679537$924194
=648  \0$a18th Century (1701-1800)$1http://www.wikidata.org/entity/Q7015$920899
=650  \0$aCuckoo$1http://www.wikidata.org/entity/Q18845$922474
=650  \0$aChurch$1http://www.wikidata.org/entity/Q16970$93776
=651  \0$aWeimar (Germany)$1http://www.wikidata.org/entity/Q3955$921645
=942  \\$cBOO
=952  \\$00$10$2ddc$40$6TOP_DE_LEI_5_000000000000000$70$8TOP$921523$aORPH$bORPH$cKTS0$d2020-07-08$eKoopman$i14K17$l0$oTOP DE.LEI 5$p20124856$r2022-05-12 00:00:00$w2022-05-12$yBOO
=999  \\$d20830

