=LDR  01463aam a2200241   4500
=001  20833
=008  220517s1822\\\\||||||||\||||\00|\0\dut\d
=041  \\$adut
=245  \\$aHet Nieuwe Testament$bofte alle Boeken des Nieuwen Verbonds onzes Heeren Iesu Christi
=260  \\$aAmsterdam$bHengst, den; Brandt; Linden, onder de$c1822
=300  \\$a[vi]-362 pages$bengraved title page, metal locks
=336  \\$aprinted
=500  \\$aFront matter elaborate manuscript description of Ex libris "Fientje Heints mijn Testament Psalm en Gezangboek ...17 maart 1825. Heer ei maak mij...Gestadig in den Bijbel lezen.""
=500  \\$abeautiful leatherbound convolute, embossed, with decorated metal locks 
=501  \\$aBound in with ‘Het Boek der Psalmen’, ‘Evangelische gezangen’ ‘Catechismus’
=561  \\$aEx libris Fientje Heints (manuscript)
=590  \\$aDoor Last van de H. M. Heeren Staten Generaal der Verenigde Nederlanden en volgens  het besluit van de Synode Nationaal gehouden in de JAren 1618 en 1619 tot Dordrecht.
=648  \0$a19th Century (1801-1900)$1http://www.wikidata.org/entity/Q6955$920935
=650  \0$aBible$1http://www.wikidata.org/entity/Q1845$921581
=651  \0$aNetherlands$1http://www.wikidata.org/entity/Q55$9173
=942  \\$cBOO
=952  \\$00$10$2ddc$40$6KTS_1_000000000000000_C2_23_H3114A$70$8RAR$921545$aORPH$bORPH$cKTS1_C2$d2020-07-08$eKoopman$l0$oKTS1 C2.23 H3-114a$p20138884a$r2022-05-17 00:00:00$w2022-05-17$yBOO
=999  \\$d20833

