=LDR  03550nam a22003497a 4500
=001  20841
=008  220518b\\\\\\\\||||||||\||||\00|\0\ger\d
=100  \\$4edt$aAlberti, Johann Martin$d1685-1762$924221
=245  \\$aDas vermehrte Schleitzische Gesang-Buch - Anhang unterschiedenier Gebete
=250  \\$a4th ed.
=260  \\$c1727$aSchleiz$bGoderitsch
=300  \\$a2 vols. in one ([xiv]-812-[50] + 144 pages)$bTitle page in red and black ink, engraved frontispiece
=500  \\$aHymnal with Prayerbook
=500  \\$aFirst publication in  1713 by Gottfried Lindner, who had been superintendent in Schleiz since 1708. He also edited the next two editions of 1719 and 1726. After Lindner's death, Johann Martin Alberti became superintendent in 1728. He took over the editing of the hymnal, which was published four times during his time in office until 1761.
=500  \\$aThe hymnal is not only a "singing book", but also a "catechism and teaching book", a "little Bible book", a "wonderful comfort book" and a "complete sermon book"; a hymnal, a catechism and a prayer book belong in the evangelical household, they are often found bound together. The superintendents of Schleiz and Greiz, for example, in the 18th century did not not only compile hymnals, but also prayer books in the same format, collections which had the same format and were published by the same publisher as the corresponding hymnal. These additional books could be books bound to one's own hymnal by the bookbinder. This was possible because the hymnal was not bound.
=500  \\$aIn August 1721, Johann Sebastian Bach gave concerts at Schleiz Castle together with the local court orchestra. 
=501  \\$aBound in with ‘Der gantze Psalter’ and ‘Episteln und Evangelien’
=504  \\$ahttps://www.jstor.org/stable/24237413?seq=1
=590  \\$ain sich haltend die Besten und geistreichsten Lieder des sel. Herrn Lutheri, und vieler andern gottseligen Lieder-Verfasser : Mit vielen Anmerkungen über die fremden oder dunckel-scheinenden Wörter und Redens-Arten wie auch beygefügten Schrifft-Stellen, Nebst einem Anhange gewöhnlicher Kirchen- und enderer Gebete, Gott zu Ehren, vor die allhiesige hoch-Gräfl. Schloss-Kapelle, So dan auch andere Stadt- Land- und Haus-Kirchen, auf hohen Landes-herrschaftl. Befehl ehedem zu dreyen mahlen ausgefertigt von Tit. hrn. Gottfried Lindern, Hoch=Gräfl. Reuß-Pl. hochverordnet=gewesenen Hof=Predigern, Pastore Primario und Superintendenten hieselbst, Jetzo aber zum vierten mahl vermehrter heraus gegeben von Dessen Nachfolger im Amte Johann Martin Alberti
=648  \0$a18th Century (1701-1800)$1http://www.wikidata.org/entity/Q7015$920899
=650  \0$aReligion$1http://www.wikidata.org/entity/Q9174$93062
=650  \0$aPrayer$1http://www.wikidata.org/entity/Q40953$921486
=650  \0$aProtestantism$1http://www.wikidata.org/entity/Q23540$921012
=650  \0$aSong$1http://www.wikidata.org/entity/Q7366$94164
=650  \0$aHymn$1http://www.wikidata.org/entity/Q484692$921333
=651  \0$aSchleiz (Germany)$1http://www.wikidata.org/entity/Q506738$924222
=700  \\$4edt$aLindner, Gottfried $d1669-1728$924220
=856  \\$uhttps://www.digitale-sammlungen.de/de/view/bsb10592277?page=9$3Bavarian State Library
=856  \\$uhttps://books.google.be/books?id=HVdFAAAAcAAJ$3Google Books
=942  \\$cBOO
=952  \\$00$10$2ddc$40$6KTS_1_000000000000000_C2_23_H3115A$70$8RAR$921553$aORPH$bORPH$cKTS1_C2$d2020-07-08$eKoopman$l0$oKTS1 C2.23 H3-115a$p20138885a$r2022-05-18 00:00:00$w2022-05-18$yBOO
=999  \\$d20841

