=LDR  01621nam a22002417a 4500
=001  20843
=008  220518b\\\\\\\\||||||||\||||\00|\0\ger\d
=245  \\$aDie in der Evangelischen Kirche gewöhnlichen Episteln und Evangelien
=260  \\$aLobenstein$bAuthenrieth$cs.d.
=300  \\$a126 pages
=501  \\$aBound in with 'Das vermehrte Schleitzische Gesang-Buch and ‘Der gantze Psalter’ 

=590  \\$aWie solche an denen Sonn- Fest- und Feyertagen verlesen und erkläret werden; Wie auch Die Hiistoria des Passion, Auferstehung und Himmelfahrt Jesu Christi, nebst der Sendung des heil. Geistes, Aus denen Vier Evangelisten; Benebst der Historia der Zerstörung der Stadt Jerusalem. Deme beygefügt herrn D. Martin Luthers Kleiner Catechismus, ein klein Corpus Doctrinae, die drey Haupt-Symbola des Christlichen Glaubens, und die Augsburgische Confession.
=648  \0$a18th Century (1701-1800)$1http://www.wikidata.org/entity/Q7015$920899
=650  \0$aReligion$1http://www.wikidata.org/entity/Q9174$93062
=650  \0$aProtestantism$1http://www.wikidata.org/entity/Q23540$921012
=650  \0$aEducation$926206
=650  \0$aBible$1http://www.wikidata.org/entity/Q1845$921581
=651  \0$aGermany$1http://www.wikidata.org/entity/Q183$9155
=700  \\$4asn$aLuther, Martin$d1483-1546$1http://www.wikidata.org/entity/Q9554$94999
=773  \\$020841$tDas vermehrte Schleitzische Gesang-Buch$w20841
=942  \\$cBOO
=952  \\$00$10$2ddc$40$6KTS_1_000000000000000_C2_23_H3115C$70$8RAR$921555$aORPH$bORPH$cKTS1_C2$d2020-07-08$eKoopman$l0$oKTS1 C2.23 H3-115c$p20138885c$r2022-05-18 00:00:00$w2022-05-18$yBOO
=999  \\$d20843

