=LDR  01016nam a22002177a 4500
=001  20844
=008  220518b\\\\\\\\||||||||\||||\00|\0\ger\d
=245  \\$aKirchengebete
=260  \\$aStade
=300  \\$a112 pages$bgilded edges
=501  \\$aBound in with 'Brem- und Verdisches Gesangbuch' and ‘Episteln und Evangelia’

=648  \0$a19th Century (1801-1900)$1http://www.wikidata.org/entity/Q6955$920935
=650  \0$aPrayer$1http://www.wikidata.org/entity/Q40953$921486
=650  \0$aReligion$1http://www.wikidata.org/entity/Q9174$93062
=650  \0$aLiturgy$1http://www.wikidata.org/entity/Q172331$92284
=650  \0$aProtestantism$1http://www.wikidata.org/entity/Q23540$921012
=651  \0$aGermany$1http://www.wikidata.org/entity/Q183$9155
=773  \\$04695$tBrem- und Verdisches Gesangbuch$w4695
=942  \\$cBOO
=952  \\$00$10$2ddc$40$6KTS_1_000000000000000_C2_23_H3117B$70$8RAR$921556$aORPH$bORPH$cKTS1_C2$d2020-07-08$eKoopman$oKTS1 C2.23 H3-117b$p20138887b$r2022-05-18 00:00:00$w2022-05-18$yBOO
=999  \\$d20844

