=LDR  01225nam a22002177a 4500
=001  20845
=008  220518b\\\\\\\\||||||||\||||\00|\0\ger\d
=245  \\$aEpisteln und Evangelia,$bauf alle Sonn- und Fest-Tage durchs ganze Jahr
=260  \\$aStade
=300  \\$a112 pages$bgilded edges
=501  \\$aBound in with 'Brem- und Verdisches Gesangbuch' and ‘Kirchengebete’ 

=590  \\$anach der jetzigen Einrichtung der Texte, samt den verordneten Vorlesungen und der Geschichte vom Leiden und Sterben Jesu Christi, aus den vier Evangelisten zusammen getragen, und in fünf Abtheilungen verfasset.
=648  \0$a19th Century (1801-1900)$1http://www.wikidata.org/entity/Q6955$920935
=650  \0$aReligion$1http://www.wikidata.org/entity/Q9174$93062
=650  \0$aBible$1http://www.wikidata.org/entity/Q1845$921581
=650  \0$aProtestantism$1http://www.wikidata.org/entity/Q23540$921012
=651  \0$aGermany$1http://www.wikidata.org/entity/Q183$9155
=773  \\$04695$tBrem- und Verdisches Gesangbuch$w4695
=942  \\$cBOO
=952  \\$00$10$2ddc$40$6KTS_1_000000000000000_C2_23_H3117C$70$8RAR$921557$aORPH$bORPH$cKTS1_C2$d2020-07-08$eKoopman$l0$oKTS1 C2.23 H3-117c$p20138887c$r2022-05-18 00:00:00$w2022-05-18$yBOO
=999  \\$d20845

