=LDR  01675aam a2200301   4500
=001  20846
=008  220518s1852\\\\||||||||\||||\00|\0\ger\d
=041  \\$ager
=100  \\$aRist, Johann$d1607-1667$1http://www.wikidata.org/entity/Q66615$4aut$97559
=245  \\$aLüneburgisches Kirchen-Gesang-Buch nebst einem Gebet-Buche
=250  \\$a15th ed.
=260  \\$aLüneburg$bvon Stern$c1852
=300  \\$a2 vols. in 1 ([x]-734 + 167 pages)
=500  \\$aJohann Rist (1607-1667) was a German poet and dramatist best known for his hymns, which inspired musical settings and have remained in hymnals. 
=500  \\$a"Die fünfzehnte Auflage", this version originally published in 1767 and continuously reprinted until 1883
=500  \\$aa first 'Lüneburgisches Gesangbuch' with 2000 songs appeared in 1686

=500  \\$asee also X2A12 for the 3rd ed. from 1771 and H3-116 for edition from 1800
=501  \\$aBound in with ‘Episteln und Evangelia’
=561  \\$aSupralibros Jungfer Margaretha Catharina Dorothea Stöver 1855 (embossed in gold on front cover)
=563  \\$aleather bound
=648  \0$a19th Century (1801-1900)$1http://www.wikidata.org/entity/Q6955$920935
=650  \0$aProtestantism$1http://www.wikidata.org/entity/Q23540$921012
=650  \0$aPrayer$1http://www.wikidata.org/entity/Q40953$921486
=650  \0$aSong$1http://www.wikidata.org/entity/Q7366$94164
=651  \0$aLüneburg (Germany)$1http://www.wikidata.org/entity/Q3920$922736
=942  \\$cBOO
=952  \\$00$10$2ddc$40$6KTS_1_000000000000000_C2_23_H3118A$70$8RAR$921558$aORPH$bORPH$cKTS1_C2$d2020-07-08$eKoopman$oKTS1 C2.23 H3-118a$p20138888a$r2022-05-18 00:00:00$w2022-05-18$yBOO
=999  \\$d20846

