=LDR  01010nam a22002297a 4500
=001  20855
=008  220525r\\\\1568|||a||||\||||\00|\p\ger\d
=041  \\$ager
=100  \\$4aut$aSachs, Hans$d1494-1576$1http://www.wikidata.org/entity/Q19543$921970
=245  \\$aDas Ständebuch
=260  \\$aLeipzig$bInsel$c19xx
=300  \\$a134 pages
=490  \\$aInsel-Bücherei$v133
=590  \\$a114 Holzschnitte von Jost Amman mit Reimen von Hans Sachs
=648  \0$a16th Century (1501-1600)$1http://www.wikidata.org/entity/Q7017$920944
=650  \0$aPoetry$1http://www.wikidata.org/entity/Q482$93026
=650  \0$aApplied arts$1http://www.wikidata.org/entity/Q2865882$921627
=651  \0$aGermany$1http://www.wikidata.org/entity/Q183$9155
=700  \\$4ill$aAmman, Jost$d1539-1591$1http://www.wikidata.org/entity/Q116240$924286
=942  \\$cBOO
=952  \\$00$10$2ddc$40$6LIT_SACH_A$70$8LIT$921572$aORPH$bORPH$cKM12_2_H$d2020-07-08$eKoopman$i13I15$l0$oLIT SACH a$p20126397$r2022-05-25 00:00:00$w2022-05-25$yBOO
=999  \\$d20855

