=LDR  01327ncm a22002777a 4500
=001  20859
=008  220601r20001707|||||l||\||||\00|\0\fre\d
=041  \\$afre
=100  \\$4cmp$aJacquet de La Guerre, Élisabeth-Claude$d1665-1729$1http://www.wikidata.org/entity/Q57704$910168
=245  \\$aPièces de clavecin qui peuvent se jouer sur le violon
=246  \1$aSonates Pour le viollon et pour le clavecin
=260  \\$aParis$bFuzeau$c2000
=490  \\$aMusique française classique de 1650 à 1800
=500  \\$aThese is the first part (pages 1-26) of 08A11
=534  \\$cParis: Jacquet de la Guerre, Foucault, Ribou & Ballard, 1707
=648  \0$a18th Century (1701-1800)$1http://www.wikidata.org/entity/Q7015$920899
=650  \0$aSonata$1http://www.wikidata.org/entity/Q131269$921653
=650  \0$aHarpsichord$1http://www.wikidata.org/entity/Q81982$92125
=650  \0$aViolin$1http://www.wikidata.org/entity/Q8355$92783
=651  \0$aFrance$1http://www.wikidata.org/entity/Q142$9131
=700  \\$4egr$aBaussen, Henry de $d1656-1719$922218
=700  \\$4edt$aCessac, Catherine$d-1952$910167
=700  \\$4edt$aSaint-Arroman, Jean$918782
=942  \\$cSCO
=952  \\$00$10$2ddc$40$6SCO_JACQ$70$8SCO$921578$aORPH$bORPH$cKTS1_P$d2020-07-08$eKoopman$i13G07$l0$oSCO JACQ$p20124949$r2022-06-01 00:00:00$w2022-06-01$ySCO
=999  \\$d20859

