=LDR  00976nam a22002177a 4500
=001  20861
=008  220613s1957\\\\|||h||||\||||\00|\0ager\d
=041  \\$ager$aeng
=100  \\$4aut$aBeethoven, Ludwig van$d1770-1827$1http://www.wikidata.org/entity/Q255$95335
=245  \\$aHeiligenstädter Testament:$bFaksimile
=260  \\$aVienna$aMunich$bDoblinger$c1957
=300  \\$a32 pages
=590  \\$aMit einer englischen Übersetzung des Dokuments
=648  \0$a19th Century (1801-1900)$1http://www.wikidata.org/entity/Q6955$920935
=650  \0$aComposer$1http://www.wikidata.org/entity/Q36834$93625
=650  \0$aBiography$1http://www.wikidata.org/entity/Q36279$91927
=651  \0$aAustria$1http://www.wikidata.org/entity/Q40$9202
=700  \\$4edt$aMüller von Asow, Hedwig$d1911-1976$924334
=942  \\$cBOO
=952  \\$00$10$2ddc$40$6BIO_BEET_A$70$8BIO$921581$aORPH$bORPH$cKTS1_P$d2020-07-08$eKoopman$i13I12$l0$oBIO BEET a$p20126400$r2022-06-13 00:00:00$w2022-06-13$yBOO
=999  \\$d20861

