=LDR  00783nam a22002057a 4500
=001  20864
=008  220613s1960\\\\-uk\||||\||||\00|\0\eng\d
=041  \\$aeng
=100  \\$4aut$aVarious$94793
=245  \\$aTransactions of the Cambridge Bibliographical Society
=260  \\$aLondon$bBowes & Bowes$c1960
=300  \\$a180 pages
=336  \\$aprinted
=490  \\$aVol. III, Part II
=650  \0$aOrgan$1http://www.wikidata.org/entity/Q1444$92810
=650  \0$aOrganology$1http://www.wikidata.org/entity/Q899293$921400
=651  \0$aUnited Kingdom$1http://www.wikidata.org/entity/Q21$9273
=942  \\$cBOO
=952  \\$00$10$2ddc$40$6INS_3_000000000000000_1A_GB$70$8INS$921587$aORPH$bORPH$cKTS0$d2020-07-08$eKoopman$i37D28$oINS3.1a GB$p20130299$r2022-06-13 00:00:00$w2022-06-13$yBOO
=999  \\$d20864

