=LDR  02065    a2200397   4500
=001  20865
=008  210623r17921781\\\af|||\||||\00|\p\dut\d
=041  \\$adut
=245  \\$aEconomische liedjes$nvol. 1
=250  \\$a3rd ed.
=260  \\$aThe Hague$bvan Cleef$c1792
=300  \\$a238 pages$b59 illustrated plates
=336  \\$aprinted
=500  \\$aSee also 06E06 for the 2nd volume
=500  \\$aPublished in three volumes
=534  \\$aOriginally published in 1781$ohttps://books.google.be/books?id=cWJeAAAAcAAJ&hl=nl&source=gbs_navlinks_s
=563  \\$abound in with 2 different title pages: Amsterdam: Allart, 1798 and The Hague: van Cleef, 1792
=648  \0$a18th Century (1701-1800)$1http://www.wikidata.org/entity/Q7015$920899
=650  \0$aPoetry$1http://www.wikidata.org/entity/Q482$93026
=650  \0$aContrafactum$1http://www.wikidata.org/entity/Q1783270$922210
=650  \0$aSong$1http://www.wikidata.org/entity/Q7366$94164
=650  \0$aReligion$1http://www.wikidata.org/entity/Q9174$93062
=650  \0$aMoral education$1http://www.wikidata.org/entity/Q25457248$93171
=651  \0$aNetherlands$1http://www.wikidata.org/entity/Q55$9173
=653  \0$abibliotheek$3132, 216, 222$020138943$wH4-041$929548
=653  \0$amuziek (algemeen)$3148+afb-154, 234$020138943$wH4-041$934992
=653  \0$aop de wijze van $39, 11-13, 20 etc.$020138943$wH4-041$935398
=653  \0$agitaar$3148$020138943$wH4-041$932207
=653  \0$aviool$3174$020138943$wH4-041$937605
=653  \0$aslagwerk$3194+afb.$020138943$wH4-041$939152
=700  \\$4aut$aWolff, Betje$d1738-1804$1http://www.wikidata.org/entity/Q183007$95119
=700  \\$4aut$aDeken, Aagje$d1741-1804$1http://www.wikidata.org/entity/Q255601$95922
=856  \\$uhttps://books.google.be/books?id=xo5jAAAAcAAJ&dq=Economische+liedjes&hl=nl&source=gbs_navlinks_s$3Google Books
=942  \\$cBOO
=952  \\$00$10$2ddc$40$6KTS_1_000000000000000_C2_25_H4041$70$8RAR$921588$aORPH$bORPH$cKTS1_C2$d2020-07-08$eKoopman$l0$oKTS1 C2.25 H4-041$p20138943$r2022-06-14 00:00:00$w2022-06-14$yBOO
=999  \\$d20865

