=LDR  01202aca a2200265   4500
=001  20880
=008  220629s1770\\\\|||||k||\||||\00|\0\lat\d
=041  \\$alat
=059  \\$av
=245  \\$aAppendix ad Graduale Romanum
=260  \\$aAmsterdam$bCrajenschot$c1770
=300  \\$a55-184-[2] pages
=501  \\$aBound in with Graduale Romanum juxta Novum missale recognitum
=590  \\$aSive, cantiones aliquot sacraæ, Quæ ante, sub & post Missam sæpe cantari solent.
=648  \0$a18th Century (1701-1800)$1http://www.wikidata.org/entity/Q7015$920899
=650  \0$aPlainchant$1http://www.wikidata.org/entity/Q2707688$921363
=650  \0$aMass$1http://www.wikidata.org/entity/Q217295$92735
=650  \0$aGradual$1http://www.wikidata.org/entity/Q849305$921411
=650  \0$aReligion$1http://www.wikidata.org/entity/Q9174$93062
=650  \0$aCatholicism$1http://www.wikidata.org/entity/Q1841$921631
=651  \0$aNetherlands$1http://www.wikidata.org/entity/Q55$9173
=773  \\$05097$tGraduale Romanum juxta Novum missale recognitum$w5097
=942  \\$cSCO
=952  \\$00$10$2ddc$40$70$8RAR$921611$aORPH$bORPH$cKTS1_C2$d2020-07-08$eKoopman$l0$p20139002b$r2022-06-29 00:00:00$w2022-06-29$ySCO
=999  \\$d20880

