=LDR  01712aam a2200253   4500
=001  20883
=008  211217s1718\\\\||||||||\||||\00|\p\ger\d
=041  \\$ager
=245  \\$aGeistreiches Gesang-Buch
=260  \\$aLeipzig$bEyssel$c1718
=300  \\$a116-[4] pages$b12 engravings, decorated leather binding, gilt and decorated edges
=500  \\$aThe Gesang-Buch is embellished with 12 illustrations in the same style as the 12 illustrations of Des mit JESU verlobten .... Frauen-Zimmers with which it is bound.
=500  \\$aThe 12 illustrations all have a musical component (except one?).  
=501  \\$aBound in with: Quirsfeld's 'Des mit JESU verlobten Tugend-liebenden Frauenzimmers Allerschönster Seelen-Schmuck' (Leipzig, 1718)
=563  \\$aA beautiful and elegant binding in painted (blue and orange?) and worked leather with traces of gold paint. Edges are gilt and decorated with red flowers, Two leather straps to close the binding, one metal clip is lost.
=590  \\$aWelches Die bekandtesten Lieder in guter Ordnung in sich fasset und Einer in Christo andächtigen Seele Zu aller Zeit zu Unterhaltung der Andacht dienen kann.
=648  \0$a18th Century (1701-1800)$1http://www.wikidata.org/entity/Q7015$920899
=650  \0$aReligion$1http://www.wikidata.org/entity/Q9174$93062
=650  \0$aSong$1http://www.wikidata.org/entity/Q7366$94164
=650  \0$aPrayer$1http://www.wikidata.org/entity/Q40953$921486
=651  \0$aLeipzig (Germany)$1http://www.wikidata.org/entity/Q2079$945
=942  \\$cBOO
=952  \\$00$10$2ddc$40$6KTS_1_000000000000000_C2_29_X2B24B$70$8RAR$921616$aORPH$bORPH$cKTS1_C2$d2020-07-08$eKoopman$oKTS1 C2.29 X2B24b$p20139048b$r2022-07-05 00:00:00$w2022-07-05$yBOO
=999  \\$d20883

