=LDR  01395ncm a22002417a 4500
=001  20902
=008  220802n\\\\\\\\|||||le|\||||\00|\0\fre\d
=041  \\$afre
=059  \\$avn
=100  \\$4cmp$aEdelmann, Jean-Frédéric$d1749-1794$1http://www.wikidata.org/entity/Q1684863$96544
=245  \\$aDeux Sonates pour le Clavecin avec accompagnement de Violon op.3
=300  \\$a6 pages
=500  \\$aLoose violin part, bound in with a set of overtures and further sonatas by Haydn, Kozeluch and Staes 
=501  \\$aBound in with 9me Année Violino - 10me Année Violino, Trois Sonates,op.4, Trois Sonates op.6, Deux Sonates op.10, Trois Sonates op.5, Trois Sonates op.1, Trois Sonates op.3, Six Sonates op.18, and Six Sonates op.17=30

=590  \\$aDédiés à Madame de Marklesy
=648  \0$a18th Century (1701-1800)$1http://www.wikidata.org/entity/Q7015$920899
=650  \0$aInstrumental music$1http://www.wikidata.org/entity/Q639197$92106
=650  \0$aSonata$1http://www.wikidata.org/entity/Q131269$921653
=773  \\$01178$t9me Année Violino - 10me Année Violino$w1178
=856  \\$uhttps://drive.google.com/drive/folders/14hIX9qX5OZGhArf9c4XjmYByOFkXVxjW$3Koopman Digital
=942  \\$cSCO
=952  \\$00$10$2ddc$40$6KTS_1_000000000000000_C2_31_05J26H$70$8RAR$921639$aORPH$bORPH$cKTS1_C2$d2020-07-08$eKoopman$l0$oKTS1 C2.31 05J26h$p20139200h$r2022-08-02 00:00:00$w2022-08-02$ySCO
=999  \\$d20902

