=LDR  01410cam a2200265u  4500
=001  20909
=005  20250120120105.0
=008  820513r18651996-ukah\\\\\\\\\000\0\eng\\
=041  \\$aeng
=100  \\$aRimbault, Edward Francis$d1816-1876$4aut$1http://www.wikidata.org/entity/Q2565796$98164
=245  04$aThe Early English Organ Builders and their Works
=260  \\$aLondon$aOxford$bThe Positif Press$c1865$c1996
=300  \\$a112 pages
=500  \\$aFacsimile edition
=590  \\$aFrom the Fifteenth Century to the period of the Great Rebellion. An unwritten chapter in the History of the Organ. A Lecture delivered before the College of Organists, November 15, 1864
=648  \0$a15th Century (1401-1500)$1http://www.wikidata.org/entity/Q7018$921015
=648  \0$a16th Century (1501-1600)$1http://www.wikidata.org/entity/Q7017$920944
=648  \0$a17th Century (1601-1700)$1http://www.wikidata.org/entity/Q7016$920923
=650  \0$aOrgan$1http://www.wikidata.org/entity/Q1444$92810
=650  \0$aOrganology$1http://www.wikidata.org/entity/Q899293$921400
=650  \0$aMusic history$1http://www.wikidata.org/entity/Q846047$921373
=651  \0$aUnited Kingdom$1http://www.wikidata.org/entity/Q21$9273
=942  \\$cBOO
=952  \\$00$10$2ddc$40$6INS_3_000000000000000_1B_UK$70$8INS$921678$aORPH$bORPH$cKTS0$d2020-07-08$eKoopman$i13H31$l0$oINS3.1b UK$p20139180$r2022-08-04 00:00:00$w2022-08-04$yBOO
=999  \\$d20909

