=LDR  00310nam a22000857a 4500
=001  20937
=245  \\$a[Pieces for piano]
=942  \\$cSCO
=952  \\$00$10$2ddc$40$6KTS_1_000000000000000_C2_08C12AK$70$8SCO$921742$aORPH$bORPH$cKTS1_C2$d2020-07-08$eKoopman$l0$oKTS1 C2.08C12a-k$p20139355$r2022-08-16 00:00:00$w2022-08-16$ySCO
=999  \\$d20937

