=LDR  01200nam a22002057a 4500
=001  20942
=008  220822s1841\\\\||||||||\||||\00|\0\ger\d
=245  \\$aKatechismus oder Unterricht in de christlichen Religion$bnach dem evangelisch-reformirten Lehrbegriffe für die reifere Jugend
=260  \\$aZürich$bBürkli$c1841
=300  \\$a196 pages$bgilt pages
=501  \\$aBound in with 'Das Neue Testament unsers Herrn und Heilandes Jesu Christi' and ‘Christliches Gesangbuch’ 

=590  \\$ain Fragen und Antworten, mit Erlaüterungen, biblischen Beweisstellen und Angabe von Bibelabschnitten und Liedern
=648  \0$a19th Century (1801-1900)$1http://www.wikidata.org/entity/Q6955$920935
=650  \1$aCatechism$1http://www.wikidata.org/entity/Q189279$923882
=650  \0$aReligion$1http://www.wikidata.org/entity/Q9174$93062
=651  \0$aZürich (Switzerland)$1http://www.wikidata.org/entity/Q72$921130
=773  \\$01253$tDas Neue Testament unsers Herrn und Heilandes Jesu Christi$w1253
=942  \\$cBOO
=952  \\$00$10$2ddc$40$6KTS_1_000000000000000_C1_61_06E01C$70$921749$aORPH$bORPH$cKTS1_C1$d2020-07-08$eKoopman$l0$oKTS1 C1.61 06E01c$p20138033c$r2022-08-22 00:00:00$w2022-08-22$yBOO
=999  \\$d20942

