=LDR  01400ncc a22001097a 4500
=001  21000
=008  220913b\\\\\\\\|||||le|\||||\00|\0\\\\\d
=245  \\$aLouis Ferdinand Collection
=505  \\$g‘Quintetto pour le piano-forte accompagnement de deux violons, viole et violoncelle op. 1’, ‘Trio pour le piano-forte avec violon et violoncelle op. 2’, ‘Trio pour le piano-forte avec violon et violoncelle op. 3’, ‘Notturno pour le piano-forte, flûte, violon, viola, violoncelle obligé et deux cors ad libitum op. 8’, ‘Andante avec variations pour le piano-forte, violon, alto et violoncelle op. 4’, ‘Quatuor pour le piano-forte, violon, alto et violoncelle op. 5’, ‘Quatuor pour le piano-forte, violon, viole et violoncelle op. 6’, ‘Fugue à quatre voix pour le piano-forte op. 7’, ‘Rondeau pour le pianoforte, 2 violons, flûte, 2 clarinettes, 2 cors, viola, violoncelle et basse op. 9’, ‘Grand trio pour le pianoforte, violon et violoncelle op. 10’, ‘Larghetto varié pour le pianoforte avec accompagnement de violon alto, violoncelle et basse obligés op. 11’ and ‘Otetto pour le pianoforte, 1 clarinette, 2 cors, 2 violes et 2 violoncelles obligés op. 12’
=942  \\$cSCO
=952  \\$00$10$2ddc$40$6KTS_1_000000000000000_C2_39_16H01$70$8RAR$921831$aORPH$bORPH$cKTS1_C2$d2020-07-08$eKoopman$l0$oKTS1 C2.39 16H01$p20139482$r2022-09-13 00:00:00$w2022-09-13$ySCO
=999  \\$d21000

