=LDR  02815nam a22003617a 4500
=001  21024
=008  220915s1595\\\\|||ga|||\||||\00|\0\lat\d
=059  \\$av
=245  \\$aPonteficale Romanum Clementis  VIII
=250  \\$a1st ed.
=260  \\$aRome$bParasoli & Partner$bLuna$c1595
=300  \\$bmusical examples, gilt-stamped leather bound, leather over partly visual wood covering, with gold lettering and tooling to spine. Raised bands. Dentelles. Colored floral design painting to paper edges. Red and black lettering.Title page engraved. Decorative initials and tailpiece. Printer's device on last page.$a[viii]-705-[1] pages
=500  \\$aThis monumental work is the official and complete liturgy of the Roman Catholic Church. It contains the offices for sacramental and other sacred acts and ceremonies, such as baptism, communion, confirmation, ordination, matrimony, dedication of churches, altars, bells, benediction of crosses, sacred vestures, burials, coronations, etc. Also includes numerous liturgical motets in Latin for Masses, Te Deum, and other religious ceremonies.
=500  \\$aDedication to Pope Clement VIII by M. Vestrius Barbianus, the Papal secretary.
=500  \\$aSplendid edition, minutely illustrated with no less than 156 magnificent engravings depicting the details of various ecclesiastical events, from the consecration of paten and chalice to the coronation of kings and queens. 
=500  \\$aIllustrated with decorative initials and tailpiece
=500  \\$aManuscript note on title page "Ecclesiae gurcansis anno 794 Gurca Clagenfurtum deportatum"
=500  \\$aManuscript note on wooden frontmatter "Spectat ad cath: capit: gurcense"
=500  \\$aFront- and backmatter papers: colored printed Latin extfragment, including mansucript notes
=563  \\$aThe first 42 leaves show water damage 
=590  \\$aPont. Max. iussu restitutum atque editum. 
=648  \0$a16th Century (1501-1600)$1http://www.wikidata.org/entity/Q7017$920944
=650  \0$aCatholicism$1http://www.wikidata.org/entity/Q1841$921631
=650  \0$aLiturgy$1http://www.wikidata.org/entity/Q172331$92284
=650  \0$aPlainchant$1http://www.wikidata.org/entity/Q2707688$921363
=651  \0$aRome (Italy)$1http://www.wikidata.org/entity/Q220$949
=700  \\$4egr$4ill$aVillamena, Francesco$d1566-1624$1http://www.wikidata.org/entity/Q516452$924970
=700  \\$4edt$4egr$aParasole, Leonardo$dc. 1570-?$1http://www.wikidata.org/entity/Q16853931$924971
=700  \\$4edt$aLuna, Giacomo$924972
=856  \\$uhttps://archive.org/details/missal-1595/missal-1595/mode/2up$3Internet Archive
=942  \\$cBOO
=952  \\$00$10$2ddc$40$6KTS_1_000000000000000_C2_39_16H05$70$8RAR$921864$aORPH$bORPH$d2020-07-08$eKoopman$l0$oKTS1 C2.39 16H05$p20139487$r2022-09-15 00:00:00$w2022-09-15$yBOO
=999  \\$d21024

