=LDR  03366ncc a22002657a 4500
=001  21030
=008  220920b\\\\\\\\|||||ld|\||||\00|\0\\\\\d
=245  \\$a[Dreyer-Lasser-Emmerich-Gruber-Bühler collection]
=505  \\$gVI missæ breves op. 11 / J.M. Dreyer -- XXXIV psalmi vespertini op. 12/ J.M. Dreyer -- Tres missæ op. 1 / J. Lasser -- II vesperæ solemnes op. 2 / W.J. Emmerig -- Missa solemnis op. 3 / W.J. Emmerig -- Lytaniæ Marianæ breviores op. 3 / R.P.B. Gruber --XXXII psalmi vespertini op.4/ F. Bühler

=942  \\$cSCO
=952  \\$00$10$2ddc$40$6KTS_1_000000000000000_C2_40_26C02AM$70$8RAR$921874$aORPH$bORPH$cKTS1_C2$d2020-07-08$eKoopman$l0$oKTS1 C2.40 26C02a-m$r2022-09-20 00:00:00$w2022-09-20$ySCO
=952  \\$00$10$2ddc$3unbound parts$40$6KTS_1_000000000000000_C2_40_26C02A$70$8RAR$921886$aORPH$bORPH$cKTS1_C2$d2020-07-08$eKoopman$l0$oKTS1 C2.40 26C02a$p20139499$r2022-09-20 00:00:00$w2022-09-20$ySCO
=952  \\$00$10$2ddc$3alto (voice)$40$6KTS_1_000000000000000_C2_40_26C02B$70$8RAR$921887$aORPH$bORPH$cKTS1_C2$d2020-07-08$eKoopman$l0$oKTS1 C2.40 26C02b$p20139502$r2022-09-20 00:00:00$w2022-09-20$ySCO
=952  \\$00$10$2ddc$3oboe 1.mo$40$6KTS_1_000000000000000_C2_40_26C02C$70$8RAR$921889$aORPH$bORPH$cKTS1_C2$d2020-07-08$eKoopman$l0$oKTS1 C2.40 26C02c$p20139503$r2022-09-20 00:00:00$w2022-09-20$ySCO
=952  \\$00$10$2ddc$3oboe 2.do$40$6KTS_1_000000000000000_C2_40_26C02D$70$8RAR$921890$aORPH$bORPH$cKTS1_C2$d2020-07-08$eKoopman$l0$oKTS1 C2.40 26C02d$p20139504$r2022-09-20 00:00:00$w2022-09-20$ySCO
=952  \\$00$10$2ddc$3flauto 1.mo$40$6KTS_1_000000000000000_C2_40_26C02E$70$8RAR$921891$aORPH$bORPH$cKTS1_C2$d2020-07-08$eKoopman$l0$oKTS1 C2.40 26C02e$p20139505$r2022-09-20 00:00:00$w2022-09-20$ySCO
=952  \\$00$10$2ddc$3flauto 2.do$40$6KTS_1_000000000000000_C2_40_26C02F$70$8RAR$921892$aORPH$bORPH$cKTS1_C2$d2020-07-08$eKoopman$l0$oKTS1 C2.40 26C02f$p20139506$r2022-09-20 00:00:00$w2022-09-20$ySCO
=952  \\$00$10$2ddc$3fagotti et tympani$40$6KTS_1_000000000000000_C2_40_26C02G$70$8RAR$921893$aORPH$bORPH$cKTS1_C2$d2020-07-08$eKoopman$l0$oKTS1 C2.40 26C02g$p20139507$r2022-09-20 00:00:00$w2022-09-20$ySCO
=952  \\$00$10$2ddc$3cornu 1.mo$40$6KTS_1_000000000000000_C2_40_26C02H$70$8RAR$921894$aORPH$bORPH$cKTS1_C2$d2020-07-08$eKoopman$l0$oKTS1 C2.40 26C02h$p20139508$r2022-09-20 00:00:00$w2022-09-20$ySCO
=952  \\$00$10$2ddc$3cornu 2.do$40$6KTS_1_000000000000000_C2_40_26C02I$70$8RAR$921895$aORPH$bORPH$cKTS1_C2$d2020-07-08$eKoopman$l0$oKTS1 C2.40 26C02i$p20139509$r2022-09-20 00:00:00$w2022-09-20$ySCO
=952  \\$00$10$2ddc$3violino 2.do$40$6KTS_1_000000000000000_C2_40_26C02J$70$8RAR$921896$aORPH$bORPH$cKTS1_C2$d2020-07-08$eKoopman$l0$oKTS1 C2.40 26C02j$p20139510$r2022-09-20 00:00:00$w2022-09-20$ySCO
=952  \\$00$10$2ddc$3Fagotti$40$6KTS_1_000000000000000_C2_40_26C02L$70$8RAR$921898$aORPH$bORPH$cKTS1_C2$d2020-07-08$eKoopman$l0$oKTS1 C2.40 26C02l$p20139511$r2022-09-20 00:00:00$w2022-09-20$ySCO
=952  \\$00$10$2ddc$3Oboe I$40$6KTS_1_000000000000000_C2_40_26C02M$70$8RAR$921900$aORPH$bORPH$cKTS1_C2$d2020-07-08$eKoopman$l0$oKTS1 C2.40 26C02m$p20139512$r2022-09-20 00:00:00$w2022-09-20$ySCO
=952  \\$00$10$2ddc$3alto viola$40$6KTS_1_000000000000000_C2_40_26C02K$70$8RAR$921901$aORPH$bORPH$cKTS1_C2$d2020-07-08$eKoopman$l0$oKTS1 C2.40 26C02k$p20139513$r2022-09-20 00:00:00$w2022-09-20$ySCO
=999  \\$d21030

