=LDR  01192ncm a22002297a 4500
=001  21064
=008  220921s1884\\\\|||||l||\||||\00|\0\dut\d
=041  \\$adut
=059  \\$av
=245  \\$aHet Boek der Psalmen, nevens de Gezangen, bij de Hervormde Kerk van Nederland in gebruik
=260  \\$aAmsterdam$aHaarlem$bBrandt$bEnschedé$c1884
=300  \\$a[ii]-209 pages
=501  \\$aBound in with 'Het nieuwe Testament' and 'Evangelische Gezangen' + Catechismus
=590  \\$aDoor last van de hoog mogende heeren Staten Generaal, der vereenigde Nederlanden, uit drie berijmingen, in het jaar 1773, gekozen, met de nodige daarin gemaakte veranderingen. 
=648  \0$a19th Century (1801-1900)$1http://www.wikidata.org/entity/Q6955$920935
=650  \0$aReligion$1http://www.wikidata.org/entity/Q9174$93062
=650  \0$aLiturgy$1http://www.wikidata.org/entity/Q172331$92284
=651  \0$aNetherlands$1http://www.wikidata.org/entity/Q55$9173
=773  \\$01211$tHet nieuwe Testament$w1211
=942  \\$cSCO
=952  \\$00$10$2ddc$40$6KTS_1_000000000000000_C2_42_06A02B$70$921935$aORPH$bORPH$cKTS1_C2$d2020-07-08$eKoopman$l0$oKTS1 C2.42 06A02b$p20139531b$r2022-09-21 00:00:00$w2022-09-21$ySCO
=999  \\$d21064

