=LDR  01236ncm a22002297a 4500
=001  21067
=008  220921s1884\\\\|||||l||\||||\00|\0\dut\d
=041  \\$adut
=059  \\$av
=245  \\$aEvangelische Gezangen$bom nevens het Boek der Psalmen bij den openbaren Godsdienst in de Nederlandsche Hervormde Gemeenten gebruikt te worden
=260  \\$aAmsterdam$aHaarlem$aGroningen$bBrandt$bEnschedé$bSchierbeek$c1884
=300  \\$a[vi]-194-[xii]-30 pages
=501  \\$aBound in with 'Het nieuwe Testament' and 'Het Boek der Psalmen' + Catechismus
=590  \\$aOp uitdrukkelijken last van alle de synoden der voornoemde gemeenten bijeen verzameld en in orde gebragt in de jaren 1803, 1804 en 1805.
=648  \0$a19th Century (1801-1900)$1http://www.wikidata.org/entity/Q6955$920935
=650  \0$aReligion$1http://www.wikidata.org/entity/Q9174$93062
=650  \0$aLiturgy$1http://www.wikidata.org/entity/Q172331$92284
=651  \0$aNetherlands$1http://www.wikidata.org/entity/Q55$9173
=773  \\$01211$tHet nieuwe Testament$w1211
=942  \\$cSCO
=952  \\$00$10$2ddc$40$6KTS_1_000000000000000_C2_42_06A02C$70$921938$aORPH$bORPH$cKTS1_C2$d2020-07-08$eKoopman$l0$oKTS1 C2.42 06A02c$p20139531c$r2022-09-21 00:00:00$w2022-09-21$ySCO
=999  \\$d21067

