=LDR  01044aam a2200217   4500
=001  21077
=008  220921s1622\\\\||||||||\||||\00|\0\lat\d
=041  \\$alat
=100  \\$aGrotius, Hugo$d1583-1645$4aut$1http://www.wikidata.org/entity/Q154959$94890
=245  \\$aSilva, $bad Franciscum Augustum Thuanum, Iac. Augusti F.
=260  \\$aParis$c1622
=300  \\$a12 pages$c12,5 x 8 cm
=500  \\$aHugo de Groot (1583-1645) was a Dutch humanist.
=501  \\$aBound in with Grotius' 'Tragœdia Sophompaneas' (1635) and Hoffmann's 'Lussuum epigrammaticorum' (1663)
=648  \0$a17th Century (1601-1700)$1http://www.wikidata.org/entity/Q7016$920923
=651  \0$aNetherlands$1http://www.wikidata.org/entity/Q55$9173
=773  \\$01217$tTragœdia Sophompaneas$w1217
=856  \\$uhttps://books.google.be/books?id=F0cUAAAAQAAJ$3Google Books
=942  \\$cBOO
=952  \\$00$10$2ddc$40$6KTS_1_000000000000000_C2_42_06A07B$70$921948$aORPH$bORPH$cKTS1_C2$d2020-07-08$eKoopman$l0$oKTS1 C2.42 06A07b$p20139534b$r2022-09-21 00:00:00$w2022-09-21$yBOO
=999  \\$d21077

