=LDR  01189cam a2200277u  4500
=001  21080
=005  20250120120622.0
=008  850702r19771698xx\cf\\\\\\\\\000\p\ger\\
=010  \\$a   51047870 
=040  \\$aOI
=041  \\$ager
=100  \\$aWeigel, Christoph$d1654-1725$4aut$1http://www.wikidata.org/entity/Q100116$925008
=245  00$aAbbildung der gemein-nützlichen Haupt-Stände von allerley Stands-, Ambts- und Gewerbs-Persohnen;$bmeist nach dem Leben gezeichnet
=246  \1$aStändebuch von 1698
=250  \\$a2nd ed.
=260  \\$aDortmund$bHarenberg$c1977
=300  \\$a208 p.$bplates, port.$c19 cm.
=490  \\$aDie bibliophilen Taschenbücher$v9
=534  \\$cRegensburg: Weigel, 1698
=648  \0$a17th Century (1601-1700)$1http://www.wikidata.org/entity/Q7016$920923
=650  \0$aApplied arts$1http://www.wikidata.org/entity/Q2865882$921627
=650  \0$aIconography$1http://www.wikidata.org/entity/Q208145$921259
=651  \0$aGermany$1http://www.wikidata.org/entity/Q183$9155
=942  \\$cBOO
=952  \\$00$10$2ddc$40$6VIS_WEIG$70$8VIS$921953$aORPH$bORPH$cKTS1_H$d2020-07-08$eKoopman$i13B22$l0$oVIS WEIG$p20124490$r2022-09-22 00:00:00$w2022-09-22$yBOO
=999  \\$d21080

