=LDR  01464cam a2200325 u 4500
=001  21082
=008  780629s1977\\\\nl\af\\\\b\\\\001\0\dut\\
=041  0\$adut
=043  \\$ae-ne---
=050  00$aML582$b.G53
=082  00$a786.6/2492
=100  \\$aGierveld, Arend Jan$4aut$911118
=245  14$aHet Nederlandse huisorgel in de 17de en 18de eeuw.$bDie niederländische Hausorgel im 17. und 18. Jahrhundert.
=246  2\$aThe Dutch chamber organ in the 17th and 18th centuries 
=260  \\$aUtrecht$bVereniging voor Nederlandse Muziekgeschiedenis. Bohn, Scheltema & Holkema$c1977.
=300  \\$a501 pages + 48 leaves of plates$bill. $c25 cm
=490  0\$aMuziekhistorische monografieën$v6
=500  \\$aSummary also in English and German.
=500  \\$aErrata slips ([2] leaves) inserted.
=500  \\$aIncludes index.
=500  \\$aOok diss. doct. letteren RU Utrecht
=504  \\$aBibliography: p. 477-485.
=650  \0$aOrgan$1http://www.wikidata.org/entity/Q1444$92810
=650  \0$aOrganology$1http://www.wikidata.org/entity/Q899293$921400
=651  \0$aNetherlands$1http://www.wikidata.org/entity/Q55$9173
=740  0\$aNiederländische Hausorgel im 17. und 18. Jahrhundert.
=740  0\$aDutch chamber organ in the 17th and 18th centuries.
=942  \\$cBOO
=952  \\$00$10$2ddc$40$6INS_3_000000000000000_1A_NL$70$8INS$921951$aORPH$bORPH$cKTS0$d2020-07-08$eKoopman$i24A62$l0$oINS3.1a NL$p20128757$r2022-09-22 00:00:00$w2022-09-22$yBOO
=999  \\$d21082

