=LDR  01938njm a22003377a 4500
=001  21125
=005  20251028111545.0
=008  220927b\\\\\\\\||||||||\||||\00|\0\eng\d
=024  \\$2Oryx$a1605
=041  \\$aeng
=100  \\$4prf$aTilney, Colin$eHarpsichord$925058
=245  \\$aThe Colt Clavier Collection$n5$pColin Tilney plays a single manual Kirckman harpsichord of 1750, and a Joseph Mahoon harpsichord of 1738
=260  \\$a[UK]$bOryx$cs.d.
=300  \\$aLP, stereo$c12"
=600  \0$aKirkman, Jacob$d1710-1792$1http://www.wikidata.org/entity/Q18877545$96550
=600  \0$aMahoon, Joseph$d1696?-1773$925061
=610  \0$aColt Clavier Collection (Bethersden, United Kingdom)$1http://www.wikidata.org/entity/Q19872225$922564
=648  \0$a17th Century (1601-1700)$1http://www.wikidata.org/entity/Q7016$920923
=648  \0$a18th Century (1701-1800)$1http://www.wikidata.org/entity/Q7015$920899
=650  \0$aKeyboard music$1http://www.wikidata.org/entity/Q105715630$921412
=650  \0$aHarpsichord$1http://www.wikidata.org/entity/Q81982$92125
=700  \\$4cmp$aMerulo, Claudio$d1533-1604$1http://www.wikidata.org/entity/Q380517$97220
=700  \\$4cmp$aFrescobaldi, Girolamo$d1583-1643$1http://www.wikidata.org/entity/Q209212$910961
=700  \\$4cmp$aTisdall, William$d1570-1603$1http://www.wikidata.org/entity/Q3569000$925059
=700  \\$4cmp$aByrd, William$d1539/40-1623$1http://www.wikidata.org/entity/Q208375$910065
=700  \\$4cmp$aFroberger, Johann Jacob$d1616-1667$1http://www.wikidata.org/entity/Q60724$914063
=700  \\$4cmp$aSteenwick, Gisbert$d1642-1679$1http://www.wikidata.org/entity/Q5564867$925060
=700  \\$4cmp$aCouperin, Louis$dc. 1626-1661$1http://www.wikidata.org/entity/Q50185$922188
=942  \\$cREC
=952  \\$00$10$2ddc$40$6REC_12_000000000000000_TILN$70$8REC$922013$aORPH$bORPH$cKM12_2_B$d2020-07-08$eKoopman$l0$oREC 12 TILN$p20131997$r2022-09-27 00:00:00$w2022-09-27$yREC
=999  \\$d21125

