=LDR  02025aam a2200277   4500
=001  21224
=008  211028s1761\\\\|||a||||\||||\00|\0ddut\d
=041  \\$adut$hfre
=100  \\$aLe Comte, Florent$d1655-1712$4aut$1http://www.wikidata.org/entity/Q5460882$95240
=245  \\$aHet konst-cabinet der bouw- schilder- beeldhouw- en graveerkunde$nII. Deel
=260  \\$aDordrecht$bBlussé$c1761
=300  \\$a506-[8] pages$bengraved frontispiece
=500  \\$aSee 03G22 for the 1745 edition of volume 1
=500  \\$aBeautiful frontispiece engraving by F. De Bakker
=534  \\$aOriginally published in Paris, 1699
=561  \\$aEx libris G. Hilhorst (plate)
=590  \\$aof Inleiding tot de Kennis dier fraaije Weetenschappen, vervat in de Schilderyen, Standbeelden en Prenten. Behelzende, behalven een beknopte Leevensbeschryving der Aloude Schilders en Beeldhouwers, ook die der latere Italiaansche, Fransche, Hoogduitsche en Nederlandsche Meesters, die zo wel in de Schilder- en Bouw-, als Plaatsnykunde uitgemunt hebben, beneevens de Catalogi hunner Werken. Verrykt met een verhandeling over het Glas-Schilderen, een Vertoog over het Etzen, en wat tot het leeren en oeffenen dier kundigheid vereist word, en andere Weetenswaardige zaaken. Door Florentyn le Comte, Schilder en Plaatsnyder. Na het Fransch gevolgt.
=648  \0$aMiddle Ages (500-1400)$1http://www.wikidata.org/entity/Q12554$920964
=648  \0$aRenaissance (1400-1600)$1http://www.wikidata.org/entity/Q4692$920965
=648  \0$a17th Century (1601-1700)$1http://www.wikidata.org/entity/Q7016$920923
=648  \0$a18th Century (1701-1800)$1http://www.wikidata.org/entity/Q7015$920899
=650  \0$aFine art$1http://www.wikidata.org/entity/Q219625$921579
=765  \\$aCabinet des singularitez d’architecture, peinture, sculpture, et gravure
=942  \\$cBOO
=952  \\$00$10$2ddc$40$6KTS_1_000000000000000_C1_44_03G23$70$8RAR$922150$aORPH$bORPH$cKTS1_C1$d2020-07-08$eKoopman$l0$oKTS1 C1.44 03G23$p20137540$r2022-10-13 00:00:00$w2022-10-13$yBOO
=999  \\$d21224

