=LDR  00934nam a22000977a 4500
=001  21225
=245  \\$a[Name Lists 1732]
=505  \\$gNaamwijzer - ‘t Edele Mogende Collegie ter Admiraliteit t'Amsterdam – Het Hollands en Stigt Utregts Collegie – Naamen en woonplaatsen van de Heeren Professoren in de illustere schoole Hortus Medicus – Naam-register van al de predicanten – Lyste van de capiteinen, luitenanten en officieren over de 60 vaandelen burgers binnen de stad Amsterdam –Lyste der namen en woonplaatsen van de makelaars – Naamboekje van de Weled. Heeren der Hooge Indische Regeering – Beknopte genealogie der voornaamste potentaten, tegenwoordig in leven zynde - Verbetert Specie-boek Der verminderde Schellingen
=942  \\$cBOO
=952  \\$00$10$2ddc$40$6KTS_1_000000000000000_C2_44_06H04AJ$70$8RAR$922151$aORPH$bORPH$cKTS1_C2$d2020-07-08$eKoopman$l0$oKTS1 C2.44 06H04a-j$p20139587$r2022-10-13 00:00:00$w2022-10-13$yBOO
=999  \\$d21225

