=LDR  01341nam a22002177a 4500
=001  21226
=008  221017|\\\\\\\\nl\f||||\||||\00|\0\dut\d
=041  \\$adut
=100  \\$4aut$aDuinen, H. A. Van$925181
=245  \\$aBeknopte historie van het orgel in de grote kerk te Dordrecht
=260  \\$aDordrecht$bStichting "Behoud grote kerk Dordrecht"
=300  \\$a20 pages
=501  \\$aBound in with: De orgels van de Oude Kerk in Amsterdam -- ..Wij komen ook voor het orgel -- De Grote of Lebuinuskerk te Deventer -- Groninger Orgelagenda 1990 -- Het orgel van de Jacobikerk te Utrecht -- V. Het König-orgel in de Stevenskerk te Nijmegen -- Kort overzicht van de Franse orgelbouw -- Cesar Fanck en tijdgenoten -- Deum Laudate Chordis Cymbalis Tibiis Tympanis et Organis Sonoris
 
=610  \0$aGrote Kerk (Dordrecht, Netherlands)$1http://www.wikidata.org/entity/Q2024749$925191
=650  \0$aOrgan$1http://www.wikidata.org/entity/Q1444$92810
=650  \0$aOrganology$1http://www.wikidata.org/entity/Q899293$921400
=651  \0$aDordrecht (Netherlands)$1http://www.wikidata.org/entity/Q26421$921875
=773  \\$021233$t[Dutch Church Organs]$w21233
=942  \\$cBOO
=952  \\$00$10$2ddc$40$6INS_3_000000000000000_1A_NL$70$8INS$922154$aORPH$bORPH$cKTS0$d2020-07-08$eKoopman$l0$oINS3.1a NL$p20126627c$r2022-10-17 00:00:00$w2022-10-17$yBOO
=999  \\$d21226

