=LDR  01289nam a22002177a 4500
=001  21227
=008  221017s1975\\\\nl\f||||\||||\00|\0\dut\d
=041  \\$adut
=245  \\$aDe Grote of Lebuinuskerk te Deventer
=260  \\$aDeventer$bve&es
=300  \\$a31 pages
=501  \\$aBound in with: De orgels van de Oude Kerk in Amsterdam -- ...Wij komen ook voor het orgel... -- Beknopte historie van het orgel in de grote kerk te Dordrecht -- Groninger Orgelagenda 1990 -- Het orgel van de Jacobikerk te Utrecht -- V. Het König-orgel in de Stevenskerk te Nijmegen -- Kort overzicht van de Franse orgelbouw -- Cesar Fanck en tijdgenoten -- Deum Laudate Chordis Cymbalis Tibiis Tympanis et Organis Sonoris
=610  \0$aLebuïnuskerk (Deventer, Netherlands)$1http://www.wikidata.org/entity/Q1811227$91471
=650  \0$aOrgan$1http://www.wikidata.org/entity/Q1444$92810
=650  \0$aOrganology$1http://www.wikidata.org/entity/Q899293$921400
=651  \0$aDeventer (Netherlands)$1http://www.wikidata.org/entity/Q10001$9105
=700  \\$4aut$aVarious$94793
=773  \\$021233$t[Dutch Church Organs]$w21233
=942  \\$cBOO
=952  \\$00$10$2ddc$40$6INS_3_000000000000000_1A_NL$70$8INS$922155$aORPH$bORPH$d2020-07-08$eKoopman$l0$oINS3.1a NL$p20126627d$r2022-10-17 00:00:00$w2022-10-17$yBOO
=999  \\$d21227

