=LDR  01165nam a22001817a 4500
=001  21228
=008  221017b\\\\\\\\||||||||\||||\00|\0\###\d
=100  \\$4aut$as.n.$913703
=245  \\$aGroninger Orgelagenda 1990
=260  \\$aGroningen$bKemper$c1990
=501  \\$aBound in with: De orgels van de Oude Kerk in Amsterdam --  ...Wij komen ook voor het orgel... -- Beknopte historie van het orgel in de grote kerk te Dordrecht -- De Grote of Lebuinuskerk te Deventer -- Het orgel van de Jacobikerk te Utrecht -- V. Het König-orgel in de Stevenskerk te Nijmegen -- Kort overzicht van de Franse orgelbouw --  Cesar Fanck en tijdgenoten -- Deum Laudate Chordis Cymbalis Tibiis Tympanis et Organis Sonoris
=650  \0$aOrgan$1http://www.wikidata.org/entity/Q1444$92810
=650  \0$aOrganology$1http://www.wikidata.org/entity/Q899293$921400
=651  \0$aGroningen (Netherlands)$1http://www.wikidata.org/entity/Q749$922634
=773  \\$021233$t[Dutch Church Organs]$w21233
=942  \\$cBOO
=952  \\$00$10$2ddc$40$6INS_3_000000000000000_1A_NL$70$8INS$922156$aORPH$bORPH$cKTS0$d2020-07-08$eKoopman$i44D12$l0$oINS3.1a NL$p20126627e$r2022-10-17 00:00:00$w2022-10-17$yBOO
=999  \\$d21228

