=LDR  00473nam a22001097a 4500
=001  21229
=008  221017b\\\\\\\\||||||||\||||\00|\0\###\d
=245  \\$aHet König-orgel in de Stevenskerk te Nijmegen$baan de hand van gegevens samengesteld door Jaap van Biesbergen
=260  \\$aNijmegen$c1990
=942  \\$cBOO
=952  \\$00$10$2ddc$40$6INS_3_000000000000000_1A_NL$70$8INS$922159$aORPH$bORPH$cKTS0$d2020-07-08$eKoopman$l0$oINS3.1a NL$p20126627g$r2022-10-17 00:00:00$w2022-10-17$yBOO
=999  \\$d21229

