=LDR  01287nam a22002297a 4500
=001  21231
=008  221017|\\\\\\\\nl\f||||\||||\00|\0\dut\d
=041  \\$adut
=100  \\$aKooiman, Ewald$d1938-2009$4aut$914735
=245  \\$aCesar Fanck en tijdgenoten
=260  \\$bncrv
=300  \\$a32 pages
=490  \\$aWerkgroep Kermuziek Domkerk Utrecht
=501  \\$aBound in with: De orgels van de Oude Kerk in Amsterdam -- ...Wij komen ook voor het orgel... -- Beknopte historie van het orgel in de grote kerk te Dordrecht -- De Grote of Lebuinuskerk te Deventer -- Groninger Orgelagenda 1990 -- Het orgel van de Jacobikerk te Utrecht -- V. Het König-orgel in de Stevenskerk te Nijmegen -- Kort overzicht van de Franse orgelbouw -- Deum Laudate Chordis Cymbalis Tibiis Tympanis et Organis Sonoris
=650  \0$aOrgan$1http://www.wikidata.org/entity/Q1444$92810
=650  \0$aOrganology$1http://www.wikidata.org/entity/Q899293$921400
=651  \0$aFrance$1http://www.wikidata.org/entity/Q142$9131
=700  \\$4aut$aBartlema, Klaas$925184
=773  \\$021233$t[Dutch Church Organs]$w21233
=942  \\$cBOO
=952  \\$00$10$2ddc$40$6INS_3_000000000000000_1A_NL$70$8INS$922161$aORPH$bORPH$cKTS0$d2020-07-08$eKoopman$i44D12$l0$oINS3.1a NL$p20126627i$r2022-10-17 00:00:00$w2022-10-17$yBOO
=999  \\$d21231

