=LDR  01403nam a22002177a 4500
=001  21232
=008  221017|\\\\\\\\nl\f||||\||||\00|\0\dut\d
=041  \\$adut
=100  \\$4aut$aVarious$94793
=245  \\$aDeum Laudate Chordis Cymbalis Tibiis Tympanis et Organis Sonoris
=246  \1$aLooft God met snarenspel cimbalen - fluiten - tamboerijnen en welluidende Intsrumenten$bHistorie van de orgels in de Grote Kerk te Wijk bij Duurstede
=300  \\$a28 pages
=501  \\$aBound in with: De orgels van de Oude Kerk in Amsterdam -- ...Wij komen ook voor het orgel... -- Beknopte historie van het orgel in de grote kerk te Dordrecht -- De Grote of Lebuinuskerk te Deventer -- Groninger Orgelagenda 1990 -- Het orgel van de Jacobikerk te Utrecht -- V. Het König-orgel in de Stevenskerk te Nijmegen -- Kort overzicht van de Franse orgelbouw -- Cesar Fanck en tijdgenoten
=610  \0$aGrote Kerk (Wijk bij Duurstede, Netherlands)$925194
=650  \0$aOrganology$1http://www.wikidata.org/entity/Q899293$921400
=650  \0$aOrgan$1http://www.wikidata.org/entity/Q1444$92810
=651  \0$aWijk bij Duurstede (Netherlands)$1http://www.wikidata.org/entity/Q10053$925193
=773  \\$021233$t[Dutch Church Organs]$w21233
=942  \\$cBOO
=952  \\$00$10$2ddc$40$6INS_3_000000000000000_1A_NL$70$922162$aORPH$bORPH$cKTS0$d2020-07-08$eKoopman$l0$oINS3.1a NL$p20126627j$r2022-10-17 00:00:00$w2022-10-17$yBOO
=999  \\$d21232

