=LDR  00988nam a22002177a 4500
=001  21279
=008  221103s2006\\\\nl\af|||\||||\00|\0\dut\d
=041  \\$adut
=245  \\$a'Wyl zy buiten alle regelen gemaakt is'.$bHeilmann-orgel Doopsgezinde Kerk Almelo
=260  \\$aAlmelo$bConcerndrukkerij Almelo$c2006
=300  \\$a65 pages
=610  \0$aDoopsgezinde Kerk (Almelo, Netherlands)$1http://www.wikidata.org/entity/Q17611842$925183
=650  \0$aOrgan$1http://www.wikidata.org/entity/Q1444$92810
=650  \0$aOrganology$1http://www.wikidata.org/entity/Q899293$921400
=651  \0$aAlmelo (Netherlands)$1http://www.wikidata.org/entity/Q988$925182
=700  \\$4win$aBergsma, Pier$99531
=700  \\$4ctb$aJansen, Albert$919438
=700  \\$4ctb$aDiepenhorst, Wim$d1971-$919876
=942  \\$cBOO
=952  \\$00$10$2ddc$40$6INS_3_000000000000000_1E_NL_ALM$70$8INS$922225$aORPH$bORPH$cKTS0$d2020-07-08$eKoopman$i29D37$l0$oINS3.1e NL.ALM$p20139684$r2022-11-03 00:00:00$w2022-11-03$yBOO
=999  \\$d21279

