=LDR  01231nam a22002417a 4500
=001  21289
=008  221104r17641965nl\\||||\||||\00|\0\dut\d
=041  \\$adut
=100  \\$4aut$aLustig, Jacob Wilhelm$d1706-1796$1http://www.wikidata.org/entity/Q1677671$95820
=245  \\$aBeschrijving van het groot en uitmuntend orgel in de St. Jans Kerk te Gouda
=260  \\$aGouda$bvan der Klos$bNederlandse Normaaldrukkerij N.V.$c1965
=300  \\$a28 pages
=534  \\$aOriginally published in 1754
=600  \0$aLustig, Jacob Wilhelm$d1706-1796$1http://www.wikidata.org/entity/Q1677671$95820
=610  \0$aSint-Janskerk (Gouda, Netherlands)$1http://www.wikidata.org/entity/Q848290$925262
=648  \0$a18th Century (1701-1800)$1http://www.wikidata.org/entity/Q7015$920899
=650  \0$aOrgan$1http://www.wikidata.org/entity/Q1444$92810
=650  \0$aOrganology$1http://www.wikidata.org/entity/Q899293$921400
=651  \0$aGouda (Netherlands)$1http://www.wikidata.org/entity/Q84125$920853
=700  \\$4edt$99840$aBouman, Arie
=942  \\$cBOO
=952  \\$00$10$2ddc$40$6INS_3_000000000000000_1E_NL_GOU$70$8INS$922240$aORPH$bORPH$cKTS0$d2020-07-08$eKoopman$i13A21$l0$oINS3.1e NL.GOU$p20126046$r2022-11-04 00:00:00$w2022-11-04$yBOO
=999  \\$d21289

