=LDR  00865nam a22001937a 4500
=001  21290
=008  221107m17751974nl\fh|||\||||\00|\0\dut\d
=041  \\$adut
=100  \\$4aut$aRadeker, Johannes$925281
=245  \\$aKorte beschrijving van het beroemde en prachtige orgel in de Grote of St. Bavoos-Kerk te Harlem
=260  \\$aHaarlem$aAmsterdam$bFrits Knuf$c1775$c1974
=300  \\$a60+30 pages
=650  \0$aOrganology$1http://www.wikidata.org/entity/Q899293$921400
=650  \0$aOrgan$1http://www.wikidata.org/entity/Q1444$92810
=651  \0$aHaarlem (Netherlands)$1http://www.wikidata.org/entity/Q9920$921584
=700  \\$4edt$aZandt, Herman S. J.$920062
=942  \\$cBOO
=952  \\$00$10$2ddc$40$6INS_3_000000000000000_1E_NL_HAR$70$8INS$922241$aORPH$bORPH$cKTS0$d2020-07-08$eKoopman$i14G02$l0$oINS3.1e NL.HAR$p20126250$r2022-11-07 00:00:00$w2022-11-07$yBOO
=999  \\$d21290

