=LDR  01319ccm a22002655a 4500
=001  21309
=005  20250925143309.0
=008  070730s2006\\\\gw\tsae\\hi\\\\n\\\\mul\d
=024  3\$a9790501740925
=041  0\$aeng$aita
=100  \\$aBuxtehude, Dietrich$d1637-1707$4cmp$1http://www.wikidata.org/entity/Q153637$910062
=240  10$aTrio sonatas$mviolin, viola da gamba, continuo$nBuxWV 252-65$rop. 1-2
=245  10$aVII. Suonate à doi, violino & violadagamba, con cembalo
=250  \\$afacs. ed.
=260  \\$aUtrecht$bSTIMU$c1991
=300  \\$a2 vols. ([78]+[viii]-36-32-28 pages)
=534  \\$aHamburg, 1694-96
=648  \0$a17th Century (1601-1700)$1http://www.wikidata.org/entity/Q7016$920923
=648  \0$a20th Century (1901-2000)$1http://www.wikidata.org/entity/Q6927$920936
=650  \0$aTrio sonata$1http://www.wikidata.org/entity/Q903425$921654
=700  \\$aSnyder, Kerala J.$4edt$1http://www.wikidata.org/entity/Q18628136$913709
=942  \\$cSCO
=952  \\$00$10$2ddc$3Opera prima$40$6SCO_BUXT$70$8SCO$922268$aORPH$bORPH$cKTS1_P$d2020-07-08$eKoopman$i13F34$l0$oSCO BUXT$p20124364$r2022-11-22 00:00:00$w2022-11-22$ySCO
=952  \\$00$10$2ddc$3Opera secunda$40$6SCO_BUXT$70$8SCO$922269$aORPH$bORPH$cKTS1_P$d2020-07-08$eKoopman$i13F35$l0$oSCO BUXT$p20124363$r2022-11-22 00:00:00$w2022-11-22$ySCO
=999  \\$d21309

