=LDR  01271nam a22002537a 4500
=001  21317
=008  221124s1987\\\\||||||||\||||\00|\0bger\d
=041  \\$ager
=100  \\$4aut$aHeller, Karl$c-1935$1http://www.wikidata.org/entity/Q106675800$911495
=245  \\$aAntonio Vivaldi:$bKalendarium zur Lebens- und Werkgeschichte
=260  \\$aMichaelstein$aBlankenburg$bs.n.$c1987
=300  \\$a68 pages
=490  \\$aStudien zür Aufführungspraxis und Interpretation des Musik des 18. Jahrhunderts$v33
=590  \\$aZusammengestelt von Karl Heller
=600  \0$aVivaldi, Antonio$d1678-1741$1http://www.wikidata.org/entity/Q1340$911980
=648  \0$a17th Century (1601-1700)$1http://www.wikidata.org/entity/Q7016$920923
=648  \0$a18th Century (1701-1800)$1http://www.wikidata.org/entity/Q7015$920899
=650  \0$aComposer$1http://www.wikidata.org/entity/Q36834$93625
=650  \0$aBiography$1http://www.wikidata.org/entity/Q36279$91927
=650  \0$aChronology$1http://www.wikidata.org/entity/Q130788$922826
=651  \0$aItaly$1http://www.wikidata.org/entity/Q38$922
=942  \\$cBOO
=952  \\$00$10$2ddc$40$6BIO_VIVA_D$70$8BIO$922279$aORPH$bORPH$cKTS1_P$d2020-07-08$eKoopman$iTS Mich Studien$l0$oBIO VIVA d$p20139777$r2022-11-24 00:00:00$w2022-11-24$yBOO
=999  \\$d21317

