=LDR  01237ncm a22002417a 4500
=001  21332
=008  221208q1783\\\\|||||le|\||||\00|\0\fre\d
=041  \\$afre
=059  \\$apf 2vn vla bass
=100  \\$4cmp$aDussek, Johann Ladislaus$d1760-1812$1http://www.wikidata.org/entity/Q357172$96167
=240  \\$aPiano concerto in C Major, op. 1 no. 1
=245  \\$aConcerto Pour le Clavecin ou Piano Forte$bAvec l'accompagnement des Deux Violons, Alto et Basse. Deux Hautbois et Cors Adlibitum
=260  \\$aThe Hague$bHummel$cc. 1783
=300  \\$a5 parts (12+4+4+4+4 pages)
=561  \\$aAcquired by Bruno Forment at deSlegte, Leiden, 3 December 2022
=590  \\$aComposé Par J. L. Dussik. Œuvre Premier Libro I.
=648  \0$a18th Century (1701-1800)$1http://www.wikidata.org/entity/Q7015$920899
=650  \0$aConcerto$1http://www.wikidata.org/entity/Q9748$921817
=650  \0$aKeyboard instrument$1http://www.wikidata.org/entity/Q52954$92849
=650  \0$aFreedom$1http://www.wikidata.org/entity/Q310735$923033
=942  \\$cSCO
=952  \\$00$10$2ddc$40$6KTS_1_000000000000000_C1_40_27D29$70$8SCO$922301$aORPH$bORPH$cKTS1_C1$d2020-07-08$eKoopman$g7.50$i27D29$l0$oKTS1 C1.40 27D29$p20139856$r2022-12-08 00:00:00$w2022-12-08$ySCO
=999  \\$d21332

