=LDR  01496aam a2200277   4500
=001  21334
=008  221213s1784\\\\||||||||\||||\00|\0\fre\d
=041  \\$afre
=245  \\$aLe Nouveau Testament
=250  \\$arev. ed. 
=260  \\$aAmsterdam$bOnder de Linden & Fils $c1784
=300  \\$bengraved titlepage$a[iv]-[234] pages
=501  \\$aBound in with 'La Sainte Bible' (Amsterdam, Onder de Linden) and 'Les Pseaumes de David' (Amsterdam, Onder de Linden 1784).
=561  \\$aEx libris T.A.J.J. Mackaij 12.12.1785 (manuscript on front matter)
=561  \\$aEx libris U.P. van Verschuer 12 ... (manuscript on front matter)
=563  \\$aBeautiful leather binding with gold floral decorations, top of back damaged. 
=590  \\$aC'est-a-dire La Nouvelle Alliance de Notre Seigneur Jesus Christ. Nouvelle edition, Revue par les Pasteurs & Professeurs de Geneve.

=648  \0$a18th Century (1701-1800)$1http://www.wikidata.org/entity/Q7015$920899
=650  \0$aReligion$1http://www.wikidata.org/entity/Q9174$93062
=650  \0$aBible$1http://www.wikidata.org/entity/Q1845$921581
=651  \0$aAmsterdam (Netherlands)$1http://www.wikidata.org/entity/Q727$9135
=773  \\$01350$tLa Sainte Bible$w1350
=856  \\$uhttps://books.google.be/books?id=1fxWAAAAcAAJ$3Google Books
=942  \\$cBOO
=952  \\$00$10$2ddc$40$6KTS_1_000000000000000_C2_52_06K19B$70$8RAR$922308$aORPH$bORPH$cKTS1_C2$d2020-07-08$eKoopman$l0$oKTS1 C2.52 06K19b$p20139878b$r2022-12-13 00:00:00$w2022-12-13$yBOO
=999  \\$d21334

