=LDR  01599aaa a2200265   4500
=001  21336
=008  210412m18241825\\\|||||\||||\00|\p\dut\d
=041  \\$adut
=100  \\$4aut$aHaren, Willem van$d1710-1768$1http://www.wikidata.org/entity/Q779978$95947
=245  \\$aDichterlijke werken van Willem en Onno Zwier van Haren$nVol.3-4
=260  \\$aAmsterdam$bWesterman$c1824$c1825
=300  \\$a188-[4]-[4]-246 pages
=490  \\$aDichterlijke werken van Willem en Onno Zwier van Haren$v3&4
=500  \\$aSee 06G02 for part 1-2 of Dichterlijke Werken van Willem en Onno Zwier van Haren.
=505  \\$gVol. 3: 'Gedichten en Lierzangen van Jonkhr. W. van Haren' - 'Psalmen' - 'Fragmenten en losse stukjes'
Vol. 4: 'Onno Zwier van Haren geschetst in eene Redevoering ... door wijlen Jonkheer M. Kemper'- 'De Geusen'
=648  \0$a18th Century (1701-1800)$1http://www.wikidata.org/entity/Q7015$920899
=650  \0$aPoetry$1http://www.wikidata.org/entity/Q482$93026
=650  \0$aLiterature$1http://www.wikidata.org/entity/Q8242$94439
=651  \0$aNetherlands$1http://www.wikidata.org/entity/Q55$9173
=700  \\$4aut$aHaren, Onno Zwier van$d1713-1779$1http://www.wikidata.org/entity/Q738577$95948
=856  \\$uhttps://books.google.ws/books?id=ZIs9AAAAYAAJ&hl=nl&pg=PP9#v=onepage&q&f=false$3vol.3
=856  \\$uhttps://books.google.be/books?id=CFBUAAAAcAAJ&pg=PP9#v=onepage&q&f=false$3vol.4
=942  \\$cBOO
=952  \\$00$10$2ddc$40$6KTS_1_000000000000000_C2_53_06M07$70$922315$aORPH$bORPH$cKTS1_C2$d2020-07-08$eKoopman$l0$oKTS1 C2.53 06M07$p20139890$r2022-12-15 00:00:00$w2022-12-15$yBOO
=999  \\$d21336

