=LDR  00873nam a22002057a 4500
=001  21338
=008  221221r17761981nl\h||||\||||\00|\0\dut\d
=041  \\$adut
=245  \\$aVoor t'Orgel! Om the RegisterReren & c
=246  \1$aRegistration for the 1776 König Organ in St. Stevenskerk, in Nijmegen
=260  \\$aSneek$bBoeijenga$c1981
=300  \\$a63 pages
=610  \0$aStevenskerk (Nijmegen, Netherlands)$923686
=650  \0$aOrgan$1http://www.wikidata.org/entity/Q1444$92810
=651  \0$aNijmegen (Netherlands)$1http://www.wikidata.org/entity/Q47887$921708
=700  \\$4att$aHauff, Ferdinand$dc. 1750-1812$925507
=700  \\$4edt$aTwillert, Willem van$925508
=942  \\$cBOO
=952  \\$00$10$2ddc$40$6INS_3_000000000000000_1E_NL_NIJ$70$8INS$922320$aORPH$bORPH$cKTS0$d2020-07-08$eKoopman$i13B31$l0$oINS3.1e NL.NIJ$p20124481$r2022-12-21 00:00:00$w2022-12-21$yBOO
=999  \\$d21338

