=LDR  01051nam a22002057a 4500
=001  21339
=008  221223r17711966nl\ah|||\||||\00|\0\dut\d
=041  \\$adut
=100  \\$4aut$aLootens, Willem$d1736-1813$98091
=245  \\$aBeschryving van het oude orgel in de Groote- of St. Lievens Monster-kerk der stad Zierikzee.$bBeneffens, eenige Korte Aanmerkingen over de Oudste Orgels, tot die op deezen Ted
=260  \\$aBaarn$bDe Praestantpers$c1771$c1966
=300  \\$a44 pages
=610  \0$aSint-Lievensmonstertoren (Zierikzee, Netherlands)$1http://www.wikidata.org/entity/Q952494$925528
=650  \0$aOrgan$1http://www.wikidata.org/entity/Q1444$92810
=650  \0$aOrganology$1http://www.wikidata.org/entity/Q899293$921400
=651  \0$aZierikzee (Netherlands)$1http://www.wikidata.org/entity/Q81076$925527
=700  \\$4ctb$aBouman, Arie$99840
=942  \\$cBOO
=952  \\$00$10$2ddc$40$6INS_3_000000000000000_1E_NL_ZIE$70$8INS$922328$aORPH$bORPH$cKTS0$d2020-07-08$eKoopman$i13A13$l0$oINS3.1e NL.ZIE$p20126054$r2022-12-23 00:00:00$w2022-12-23$yBOO
=999  \\$d21339

