=LDR  01442nam a22002537a 4500
=001  21358
=008  230116s1678\\\\||||||||\||||\00|\p\dut\d
=100  \\$4aut$aMol, Jan de$96821
=245  \\$aHuw'lyks Dool-Hof of Doolende Trou-zucht
=260  \\$as.d.$bs.n.$c1678
=300  \\$a44 pages$bengraved title page
=500  \\$abound in with other writings about marriage 
=500  \\$aJan (=Jacob?) de Mol, Dutch writer and poet (pseudonym?) active in the second half of the 17th century, published other satirical poetry as 'Mintriomfen van den Heer van Clootwijck' and some comic plays.
=501  \\$aBound in with  Misoganos'  'Samen-spraak over de tien vermakelykheden' and Sweerts' 'De tien vermakelikheden des houwelyks'
=648  \0$a17th Century (1601-1700)$1http://www.wikidata.org/entity/Q7016$920923
=650  \0$aPoetry$1http://www.wikidata.org/entity/Q482$93026
=650  \0$aMoral education$1http://www.wikidata.org/entity/Q25457248$93171
=650  \0$aSatire$1http://www.wikidata.org/entity/Q128758$921636
=651  \0$aNetherlands$1http://www.wikidata.org/entity/Q55$9173
=773  \\$02451$tDe tien vermakelikheden des houwelyks $w2451
=856  \\$uhttps://books.google.be/books?id=709cAAAAcAAJ$3Google Books
=942  \\$cBOO
=952  \\$00$10$2ddc$40$6KTS_1_000000000000000_C2_61_09F15B$70$8RAR$922355$aORPH$bORPH$cKTS1_C2$d2020-07-08$eKoopman$l0$oKTS1 C2.61 09F15b$p20140012b$r2023-01-16 00:00:00$w2023-01-16$yBOO
=999  \\$d21358

