=LDR  01662nam a22002777a 4500
=001  21359
=008  230124s1788\\\\||||||||\||||\00|\0bfre\d
=041  \\$afre
=100  \\$aDenina, Carlo$d1731-1813$1https://www.wikidata.org/entity/Q556342$4aut$97290
=245  \\$aEssai sur la vie et le règne de Fréderic II, Roi de Prusse
=260  \\$aBerlin$bRottmann$c1788
=300  \\$axxiv-464 pages
=500  \\$aCarlo Denina, Italian historian, went in 1782, at Frederick the Great's invitation, to Berlin, where he remained for many years, in the course of which he published his 'Vie et régne de Frédéric II'  and 'La Prusse littéraire sous Frédéric II (3 vols., Berlin, 1790-91). 
=561  \\$aEx libris indecipherable (manuscript)
=590  \\$aPour servir de préliminaire à l'édition des ses oeuvres posthumes.
=600  \0$aFriedrich II.$d1712-1786$1http://www.wikidata.org/entity/Q33550$97289
=648  \0$a18th Century (1701-1800)$1http://www.wikidata.org/entity/Q7015$920899
=650  \0$aBiography$1http://www.wikidata.org/entity/Q36279$91927
=650  \0$aHistory$1http://www.wikidata.org/entity/Q309$921403
=650  \0$aNobility$1http://www.wikidata.org/entity/Q134737$93602
=650  \0$aEnlightenment$1http://www.wikidata.org/entity/Q12539$94532
=651  \0$1http://www.wikidata.org/entity/Q38872$aPrussia (Germany)$9231
=856  \\$uhttps://www.digitale-sammlungen.de/en/details/bsb11235598$3Bavarian State Library
=942  \\$cBOO
=952  \\$00$10$2ddc$40$6KTS_1_000000000000000_C2_64_10J10_05$70$8RAR$922373$aORPH$bORPH$cKTS1_C2$d2020-07-08$eKoopman$l0$oKTS1 C2.64 10J10_05$p20140084$r2023-01-24 00:00:00$w2023-01-24$yBOO
=999  \\$d21359

