=LDR  01051cam a22002411  4500
=001  21388
=005  20251003085500.0
=008  721004s1953\\\\be\\\\\\\\\\\\000\0\fre\\
=010  \\$a54024930
=040  \\$aOI
=041  \\$afre
=100  \\$aBosquet, Émile$d1878-1959$4aut$925776
=245  13$aLa musique de clavier$bet par extension de luth. Manuel encyclopédique, historique et pratique
=260  \\$aBrussels$bLes Amis de la Musique$c1953
=300  \\$a670 pages$bmusic$c25 cm
=500  \\$a"Bibliographie des ouvrages consacrés specialement aux oevures de clavier et de luth": p. 615-615.
=650  \0$aCatalogue$1http://www.wikidata.org/entity/Q2352616$921484
=650  \0$aKeyboard music$1http://www.wikidata.org/entity/Q105715630$921412
=650  \0$aLute$1http://www.wikidata.org/entity/Q180733$93944
=651  \0$aEurope$1http://www.wikidata.org/entity/Q46$991
=942  \\$cBOO
=952  \\$00$10$2ddc$40$6INS_3A$70$8INS$922504$aORPH$bORPH$cKTS0$d2020-07-08$eKoopman$i21B40$l0$oINS3a$p20138977$r2023-02-28 00:00:00$w2023-02-28$yBOO
=999  \\$d21388

