=LDR  01147ccm a2200253u  4500
=001  21389
=005  20250716123225.0
=008  840302s1957\\\\ne\h\l\\\\\\\\000\0\mul\\
=010  \\$am  58001197 
=040  \\$aOI
=041  \\$adut$ager$afre$aeng$dlat
=100  \\$aHuygens, Constantijn$d1596-1687$4cmp$1http://www.wikidata.org/entity/Q560746$95174
=245  10$aPathodia sacra et profana$bunæ voci basso continuo comitante
=260  \\$aAmsterdam$bNorth-Holland Publishing Company$aKassel$aBasel$bBärenreiter$c1957
=300  \\$a[xviii]-79 pages$bfacsimiles$c32 cm
=648  \0$a17th Century (1601-1700)$1http://www.wikidata.org/entity/Q7016$920923
=650  \0$aPsalm$1http://www.wikidata.org/entity/Q12497663$92164
=650  \0$aSong$1http://www.wikidata.org/entity/Q7366$94164
=650  \0$aReligion$1http://www.wikidata.org/entity/Q9174$93062
=651  \0$aNetherlands$1http://www.wikidata.org/entity/Q55$9173
=700  \\$aNoske, Frits$d1920-1993$4edt$913020
=942  \\$cSCO
=952  \\$00$10$2ddc$40$6SCO_HUYG$70$8SCO$922505$aORPH$bORPH$cKTS1_P$d2020-07-08$eKoopman$l0$oSCO HUYG$p20138976$r2023-02-28 00:00:00$w2023-02-28$ySCO
=999  \\$d21389

